%% This BibTeX bibliography file was created using BibDesk.
%% http://bibdesk.sourceforge.net/


%% Created for Philip Schrodt at 2012-02-24 11:29:34 +0100 


%% Saved with string encoding Unicode (UTF-8) 



@book{Silke04,
	Address = {London},
	Date-Added = {2012-02-24 10:07:38 +0000},
	Date-Modified = {2012-02-24 10:09:06 +0000},
	Editor = {Andrew Silke},
	Publisher = {Frank Cass},
	Title = {Research on Terrorism: {T}rends, Achievements and Failures},
	Year = {2004}}

@incollection{Silke09,
	Address = {London},
	Author = {Silke, Andrew},
	Booktitle = {Critical Terrorism Studies: A New Research Agenda},
	Date-Added = {2012-02-24 10:04:56 +0000},
	Date-Modified = {2012-02-24 10:07:27 +0000},
	Editor = {Richard Jackson and Marie Breen Smyth and Jeroen Gunning},
	Publisher = {Routledge},
	Title = {Contemporary Terrorism Studies: Issues in Research.},
	Year = {2009}}

@article{YoungFind11,
	Author = {Joseph K. Young and Michael G. Findley},
	Date-Added = {2012-02-24 10:02:32 +0000},
	Date-Modified = {2012-02-24 10:03:34 +0000},
	Journal = {International Studies Review},
	Pages = {411-431},
	Title = {Promise and Pitfalls of Terrorism Research},
	Volume = {13},
	Year = {2011}}

@article{GassLuec11,
	Author = {Martin Gassebner and Simon Luechinger},
	Date-Added = {2012-02-24 10:00:19 +0000},
	Date-Modified = {2012-02-24 10:01:41 +0000},
	Journal = {Public Choice},
	Number = {235-261},
	Title = {Lock, stock, and barrel: a comprehensive assessment of the determinants of terror},
	Volume = {149},
	Year = {2011}}

@article{Piazza08,
	Author = {James Piazaa},
	Date-Added = {2012-02-23 11:11:53 +0000},
	Date-Modified = {2012-02-23 11:14:01 +0000},
	Journal = {International Studies Quarterly},
	Number = {3},
	Title = {Incubators of Terror: Do Failed and Failing States Promote Transnational Terrorism?},
	Volume = {52},
	Year = {2008}}

@article{Piazza11,
	Author = {James Piazaa},
	Date-Added = {2012-02-23 11:08:59 +0000},
	Date-Modified = {2012-02-23 11:10:57 +0000},
	Journal = { Journal of Peace Research},
	Number = {3},
	Pages = {339-353},
	Title = {Poverty, Minority Economic Discrimination and Domestic Terrorism},
	Volume = {48},
	Year = {2011}}

@article{PiazWals09,
	Author = {James Piazaa and James I. Walsh},
	Date-Added = {2012-02-23 11:07:00 +0000},
	Date-Modified = {2012-02-23 11:08:54 +0000},
	Journal = { International Studies Quarterly},
	Pages = {125-148},
	Title = {Transnational Terrorism and Human Rights},
	Volume = {53},
	Year = {2009}}

@book{cite-key,
	Date-Added = {2012-02-23 11:01:33 +0000},
	Date-Modified = {2012-02-23 11:03:57 +0000},
	Rss-Description = {"Transnational Terrorism and Human Rights." Co-authored with James I. Walsh. International Studies Quarterly. 53:125-148. 2009.}}

@book{EstyGoldGurr95,
	Address = {McLean, VA},
	Author = {Daniel C. Esty and Jack A. Goldstone and Ted R. Gurr and Pamela Surko and Alan N. Unger},
	Date-Added = {2012-02-23 10:46:33 +0000},
	Date-Modified = {2012-02-23 10:46:33 +0000},
	Publisher = {Science Applications International Corporation},
	Title = {State Failure Task Force Report},
	Year = {1995}}

@book{EstyGoldGurr98,
	Address = {McLean, VA},
	Author = {Daniel C. Esty and Jack A. Goldstone and Ted R. Gurr and Barbara Harff and Marc Levy and Geoffrey D. Dabelko and Pamela Surko and Alan N. Unger},
	Date-Added = {2012-02-23 10:46:33 +0000},
	Date-Modified = {2012-02-23 10:46:33 +0000},
	Publisher = {Science Applications International Corporation},
	Title = {State Failure Task Force Report: Phase II Findings},
	Year = {1998}}

@article{Gadd92a,
	Author = {John Lewis Gaddis},
	Date-Added = {2012-02-23 10:42:27 +0000},
	Date-Modified = {2012-02-23 10:42:27 +0000},
	Journal = {International Security},
	Pages = {5-58},
	Title = {``International Relations Theory and the End of the Cold War''},
	Volume = {17},
	Year = {1992}}

@book{Gadd92b,
	Address = {New York},
	Author = {John Lewis Gaddis},
	Date-Added = {2012-02-23 10:42:27 +0000},
	Date-Modified = {2012-02-23 10:42:27 +0000},
	Publisher = {Oxford University Press},
	Title = {The United States and the end of the Cold War},
	Year = {1992}}

@book{RupeKuro92,
	Address = {New York},
	Date-Added = {2012-02-23 10:37:32 +0000},
	Date-Modified = {2012-02-23 10:37:52 +0000},
	Editor = {Kumar Rupesinghe and Michiko Kuroda},
	Publisher = {St. Martin's Press},
	Title = {Early warning and conflict resolution},
	Year = {1992}}

@article{GurrLich86,
	Author = {Ted R. Gurr and Mark Irving Lichbach},
	Date-Added = {2012-02-23 10:34:50 +0000},
	Date-Modified = {2012-02-23 10:35:58 +0000},
	Journal = {Comparative Political Studies},
	Pages = {3-38},
	Title = {Forecasting Internal Conflict: A Competitive Evaluation of Empirical Theories},
	Volume = {19},
	Year = {1986}}

@article{GurrHarf94,
	Author = {Ted R. Gurr and Barbara Harff},
	Date-Added = {2012-02-23 10:34:50 +0000},
	Date-Modified = {2012-02-23 10:36:30 +0000},
	Journal = {Journal of Ethno-Development},
	Number = {1},
	Pages = {3-15},
	Title = {Conceptual, research and policy issues in early warning research: An overview},
	Volume = {4},
	Year = {1994}}

@book{HoppAndrFree84,
	Address = {Boulder},
	Date-Added = {2012-02-23 10:12:45 +0000},
	Date-Modified = {2012-02-23 10:18:33 +0000},
	Editor = {Gerald W. Hopple and Stephen J. Andriole and Amos Freedy},
	Publisher = {Westview},
	Title = {National Security Crisis Forecasting and Management},
	Year = {1984}}

@book{BurgLawt72,
	Address = {Beverly Hills},
	Author = {Burgess, Philip M. and Raymond W. Lawton},
	Date-Added = {2012-02-23 10:08:55 +0000},
	Date-Modified = {2012-02-23 10:08:55 +0000},
	Publisher = {Sage Publications},
	Title = {Indicators of International Behavior: An Assessment of Events Data Research},
	Year = {1972}}

@article{AndrHopp84,
	Author = {Andriole, Stephen J. and Gerald W. Hopple},
	Date-Added = {2012-02-23 10:07:38 +0000},
	Date-Modified = {2012-02-23 10:07:38 +0000},
	Journal = {International Interactions},
	Pages = {293-309},
	Title = {``The Rise and Fall of Events Data: From Basic Research to Applied Use in the U.S. Department of Defense''},
	Volume = {10 (3/4)},
	Year = {1984}}

@book{RichardsonSDQ60,
	Address = {Chicago},
	Author = {Lewis Frye Richardson},
	Date-Added = {2012-02-23 09:50:55 +0000},
	Date-Modified = {2012-02-23 09:52:14 +0000},
	Publisher = {Quadrangle},
	Title = {Statistics of Deadly Quarrels},
	Year = {1960}}

@book{Lewis11,
	Address = {New York},
	Author = {Michael Lewis},
	Date-Added = {2012-02-23 08:50:00 +0000},
	Date-Modified = {2012-02-23 08:50:29 +0000},
	Publisher = {W.W. Norton},
	Title = {Moneyball},
	Year = {2011}}

@book{Meehl54,
	Address = {Minneapolis},
	Author = {Paul Meehl},
	Date-Added = {2012-02-23 08:08:38 +0000},
	Date-Modified = {2012-02-23 08:12:46 +0000},
	Publisher = {University of Minnesota Press},
	Title = {Clinical and Statistical Prediction: A Theoretical Analysis and a Review of the Evidence},
	Year = {1954}}

@book{VSSub12,
	Date-Added = {2012-02-22 13:58:53 +0000},
	Date-Modified = {2012-02-22 14:02:19 +0000},
	Editor = {V.S. Subrahmanian},
	Publisher = {Springer Berlin / Heidelberg},
	Title = {Handbook on Computational Approaches to Counterterrorism},
	Year = {2012}}
