%% This BibTeX bibliography file was created using BibDesk.
%% http://bibdesk.sourceforge.net/


%% Created for Philip Schrodt at 2012-02-23 10:57:06 +0100 


%% Saved with string encoding Unicode (UTF-8) 



@book{Greenacre93,
	Address = {London},
	Author = {Greenacre, M. J.},
	Date-Added = {2011-09-05 09:27:39 -0700},
	Date-Modified = {2011-09-05 09:27:39 -0700},
	Publisher = {Academic Press},
	Title = {Correspondence analysis in practice},
	Year = {1993}}

@article{IDEA03,
	Author = {Bond, Doug and Joe Bond and Churl Oh and J. Craig Jenkins and Charles Lewis Taylor},
	Date-Added = {2011-09-05 09:24:14 -0700},
	Date-Modified = {2011-09-05 09:24:14 -0700},
	Journal = {Journal of Peace Research},
	Number = {6},
	Pages = {733-745},
	Title = {Integrated Data for Events Analysis ({IDEA}): An Event Typology for Automated Events Data Development},
	Volume = {40},
	Year = {2003}}

@book{Azar82,
	Address = {College Park, MD},
	Author = {Azar, Edward E.},
	Date-Added = {2011-09-05 09:20:47 -0700},
	Date-Modified = {2011-09-05 09:20:47 -0700},
	Publisher = {Center for International Development, University of Maryland},
	Title = {The Codebook of the Conflict and Peace Data Bank ({COPDAB})},
	Year = {1982}}

@book{AzarSloan75,
	Address = {Pittsburgh},
	Author = {Azar, Edward E. and Thomas Sloan},
	Date-Added = {2011-09-05 09:20:47 -0700},
	Date-Modified = {2011-09-05 09:20:47 -0700},
	Publisher = {University Center for International Studies, University of Pittsburgh},
	Title = {Dimensions of Interaction},
	Year = {1975}}

@book{BakerKim04,
	Address = {New York},
	Author = {Baker, Frank B. and Seock-Ho Kim},
	Date-Added = {2011-09-05 09:20:47 -0700},
	Date-Modified = {2011-09-05 09:20:47 -0700},
	Publisher = {Marcel-Dekker},
	Title = {Item Response Theory},
	Year = {2004}}

@book{Benz98,
	Address = {Paris},
	Author = {Benzecri, Jean-Paul},
	Date-Added = {2011-09-05 09:20:47 -0700},
	Date-Modified = {2011-09-05 09:20:47 -0700},
	Publisher = {Dunod},
	Title = {Correspondence analysis handbook},
	Year = {1992}}

@book{Alli71,
	Address = {Boston},
	Author = {Allison, Graham T.},
	Date-Added = {2011-09-05 09:13:30 -0700},
	Date-Modified = {2011-09-05 09:13:30 -0700},
	Publisher = {Little, Brown},
	Title = {The Essence of Decision},
	Year = {1971}}

@book{AndeHoop88,
	Address = {Lexington MA},
	Author = {Andriole, Stephen J. and Gerald W. Hopple},
	Date-Added = {2011-09-05 09:12:39 -0700},
	Date-Modified = {2011-09-05 09:12:39 -0700},
	Publisher = {Lexington},
	Title = {Defense Applications of Artificial Intelligence},
	Year = {1988}}

@book{BennStam04,
	Address = {Ann Arbor, MI},
	Author = {Bennett, D. Scott and Allan C. Stam},
	Date-Added = {2011-09-05 09:10:51 -0700},
	Date-Modified = {2011-09-05 09:10:51 -0700},
	Publisher = {University of Michigan Press},
	Title = {The Behavioral Origins of War.},
	Year = {2004}}

@article{Bull66,
	Author = {Bull, Hedley},
	Date-Added = {2011-09-05 09:09:15 -0700},
	Date-Modified = {2011-09-05 09:09:15 -0700},
	Journal = {World Politics},
	Number = {3},
	Pages = {361-377},
	Title = {International Theory: The Case for a Classical Approach},
	Volume = {18},
	Year = {1966}}

@article{Carb78,
	Author = {Carbonell, Jaime G.},
	Date-Added = {2011-09-05 09:09:15 -0700},
	Date-Modified = {2011-09-05 09:09:15 -0700},
	Journal = {Cognitive Science},
	Pages = {27-51},
	Title = {POLITICS: Automated Ideological Reasoning},
	Volume = {2},
	Year = {1978}}

@book{CyertMarch63,
	Address = {Englewood Cliffs, NJ},
	Author = {Cyert, R. M. and J. G. March},
	Date-Added = {2011-09-05 09:09:15 -0700},
	Date-Modified = {2011-09-05 09:09:15 -0700},
	Publisher = {Prentice-Hall},
	Title = {A Behavioral Theory of the Firm},
	Year = {1963}}

@article{Dixon86,
	Author = {Dixon, William J.},
	Date-Added = {2011-09-05 09:06:42 -0700},
	Date-Modified = {2011-09-05 09:06:42 -0700},
	Journal = {American Journal of Political Science},
	Pages = {421-45},
	Title = {Reciprocity in United States-Soviet Relations: Multiple Symmetry or Issue Linkage},
	Volume = {30},
	Year = {1986}}

@book{GoldFree90,
	Address = {Chicago},
	Author = {Goldstein, Joshua S. and John R. Freeman},
	Date-Added = {2011-09-05 09:05:28 -0700},
	Date-Modified = {2011-09-05 09:05:28 -0700},
	Publisher = {University of Chicago Press},
	Title = {Three-Way Street: Strategic Reciprocity in World Politics},
	Year = {1990}}

@article{GoldPeve97,
	Author = {Goldstein, Joshua S. and Jon C. Pevehouse},
	Date-Added = {2011-09-05 09:05:28 -0700},
	Date-Modified = {2011-09-05 09:05:28 -0700},
	Journal = {American Political Science Review},
	Number = {3},
	Pages = {515-530},
	Title = {Reciprocity, Bullying and International Cooperation: A Time-Series Analysis of the {B}osnia Conflict},
	Volume = {91},
	Year = {1997}}

@article{GPGT01,
	Author = {Goldstein, Joshua S. and Jon C. Pevehouse and Deborah J. Gerner and Shibley Telhami},
	Date-Added = {2011-09-05 09:05:28 -0700},
	Date-Modified = {2011-09-05 09:05:28 -0700},
	Journal = {Journal of Conflict Resolution},
	Number = {5},
	Pages = {594-620},
	Title = {Dynamics of {M}iddle {E}ast Conflict and {US} Influence},
	Volume = {45},
	Year = {2001}}

@book{GreenShap95,
	Address = {New Haven, CT},
	Author = {Green, Donald and Ian Shapiro},
	Date-Added = {2011-09-05 09:05:28 -0700},
	Date-Modified = {2011-09-05 09:05:28 -0700},
	Publisher = {Yale University Press},
	Title = {Pathologies of Rational Choice Theory: A Critique of Applications in Political Science},
	Year = {1995}}

@book{HogaRede87,
	Address = {Chicago},
	Date-Added = {2011-09-05 09:05:28 -0700},
	Date-Modified = {2011-09-05 09:05:28 -0700},
	Editor = {Hogarth, Robin M. and Melvin W. Reder},
	Publisher = {University of Chicago Press},
	Title = {Rational Choice: The Contrast between Economics and Psychology},
	Year = {1987}}

@article{HuxtPeve96,
	Author = {Huxtable, Phillip A. and Jon C. Pevehouse},
	Date-Added = {2011-09-05 08:54:25 -0700},
	Date-Modified = {2011-09-05 08:54:25 -0700},
	Journal = {International Studies Notes},
	Number = {2},
	Pages = {8-19},
	Title = {Potential Validity Problems in Events Data Collection},
	Volume = {21},
	Year = {1996}}

@book{Koho84,
	Address = {New York},
	Author = {Kohonen, T.},
	Date-Added = {2011-09-05 08:52:04 -0700},
	Date-Modified = {2011-09-05 08:52:04 -0700},
	Publisher = {Springer-Verlag},
	Title = {Self-Organization and Associative Memory},
	Year = {1984}}

@book{Marg87,
	Address = {Chicago},
	Author = {Margolis, Howard},
	Date-Added = {2011-09-05 08:52:04 -0700},
	Date-Modified = {2011-09-05 08:52:04 -0700},
	Publisher = {University of Chicago Press},
	Title = {Patterns, Thinking and Cognition: A Theory of Judgement},
	Year = {1987}}

@book{NewlSimon72,
	Address = {Englewood Cliffs, NJ},
	Author = {Newell, Allan and Herbert Simon},
	Date-Added = {2011-09-05 08:49:13 -0700},
	Date-Modified = {2011-09-05 08:49:13 -0700},
	Publisher = {Prentice-Hall},
	Title = {Human Problem Solving},
	Year = {1972}}

@book{Simon92,
	Address = {Cambridge},
	Author = {Simon, Herbert A.},
	Date-Added = {2011-09-05 08:47:33 -0700},
	Date-Modified = {2011-09-05 08:47:54 -0700},
	Publisher = {MIT Press},
	Title = {The Sciences of the Artificial},
	Year = {1992}}

@article{SGC90,
	Author = {Sylvan, Donald A. and Ashok Goel and B. Chandrasekran},
	Date-Added = {2011-09-05 08:46:47 -0700},
	Date-Modified = {2011-09-05 08:46:47 -0700},
	Journal = {American Journal of Political Science},
	Number = {1},
	Pages = {74-123},
	Title = {Analyzing Political Decision Making from an Information Processing Perspective: JESSE},
	Volume = {34},
	Year = {1990}}

@book{SylvChan84,
	Address = {New York},
	Author = {Sylvan, Donald A. and Steve Chan},
	Date-Added = {2011-09-05 08:44:48 -0700},
	Date-Modified = {2011-09-05 08:44:48 -0700},
	Publisher = {Praeger},
	Title = {Foreign Policy Decision Making: Perception, Cognition and Artificial Intelligence},
	Year = {1984}}

@article{ThorSylv82,
	Author = {Thorson, Stuart and Donald A. Sylvan},
	Date-Added = {2011-09-05 08:43:32 -0700},
	Date-Modified = {2011-09-05 08:43:32 -0700},
	Journal = {International Studies Quarterly},
	Number = {4},
	Pages = {537-71},
	Title = {Counterfactuals and the Cuban Missile Crisis},
	Volume = {26},
	Year = {1982}}

@book{Wolfram02,
	Address = {Champaign, IL},
	Author = {Wolfram, Stephen},
	Date-Added = {2011-09-05 08:41:48 -0700},
	Date-Modified = {2011-09-05 08:41:48 -0700},
	Publisher = {Wolfram Media},
	Title = {A New Kind of Science},
	Year = {2002}}

@article{WardRajm92,
	Author = {Ward, Michael and Sheen Rajmaira},
	Date-Added = {2011-09-05 08:40:17 -0700},
	Date-Modified = {2011-09-05 08:40:17 -0700},
	Journal = {Journal of Conflict Resolution},
	Number = {2},
	Pages = {342-368},
	Title = {Reciprocity and Norms in {US}-{S}oviet Foreign Policy},
	Volume = {36},
	Year = {1992}}

@article{DalAnd80,
	Author = {Daly, Judith Ayres and Stephen J. Andriole},
	Date-Added = {2011-08-20 11:48:19 -0700},
	Date-Modified = {2011-08-20 11:48:19 -0700},
	Journal = {Policy Sciences},
	Pages = {215-236},
	Title = {The Use of Events/Interaction Research by the Intelligence Community},
	Volume = {12},
	Year = {1980}}

@book{Cimb87,
	Address = {Lexington, MA},
	Author = {Cimbala, Stephen},
	Date-Added = {2011-08-20 11:45:14 -0700},
	Date-Modified = {2011-08-20 11:45:14 -0700},
	Publisher = {Lexington Books},
	Title = {Artificial Intelligence and National Security},
	Year = {1987}}

@book{AzarBrodMcCl72,
	Address = {Beverly Hills},
	Date-Added = {2011-08-20 11:42:42 -0700},
	Date-Modified = {2011-08-20 11:42:42 -0700},
	Editor = {Azar, Edward E. and Richard A. Brody and Charles A. McClelland},
	Publisher = {Sage Publications},
	Title = {International Events Interaction Analysis: Some Research Considerations},
	Year = {1972}}

@book{MoonSimp03,
	Address = {Mankato, MN},
	Author = {Brian Mooney and Barry Simpson},
	Date-Added = {2011-08-20 11:23:27 -0700},
	Date-Modified = {2011-08-20 11:24:15 -0700},
	Publisher = {Capstone},
	Title = {Breaking News: How the Wheels Came off at Reuters},
	Year = {2003}}

@article{RussSingSmal68,
	Author = {Bruce M. Russett and J. David Singer and Melvin Small},
	Date-Added = {2011-08-20 11:19:46 -0700},
	Date-Modified = {2011-08-20 11:22:34 -0700},
	Journal = {American Political Science Review},
	Number = {3},
	Pages = {932-951},
	Title = {National Political Units in the Twentieth Century: A Standardized List},
	Volume = {62},
	Year = {1968}}

@article{ReuvKang96,
	Author = {Rafael Reuveny and Heejoon Kang},
	Date-Added = {2011-08-20 11:17:40 -0700},
	Date-Modified = {2011-08-20 11:18:41 -0700},
	Journal = {International Studies Quarterly},
	Number = {2},
	Pages = {281-305},
	Title = {International Conflict and Cooperation: Splicing COPDAB and WEIS Series},
	Volume = {40},
	Year = {1996}}

@article{FranHays08,
	Author = {Robert J. Franzese and Jude C. Hays},
	Date-Added = {2011-08-19 16:33:38 -0700},
	Date-Modified = {2011-08-19 16:35:14 -0700},
	Journal = {Comparative Political Studies},
	Number = {4/5},
	Pages = {742-80},
	Title = {nterdependence in Comparative Politics: Substance, Theory, Empirics, Substance},
	Volume = {41},
	Year = {2008}}

@book{CREON73,
	Address = {Beverly Hills, CA},
	Author = {Hermann, Charles and Maurice A. East and Margaret G. Hermann and Barbara G. Salmore and Stephen A. Salmore},
	Date-Added = {2011-08-18 17:46:36 -0400},
	Date-Modified = {2011-08-18 17:47:43 -0400},
	Publisher = {Sage Publications},
	Title = {{CREON}: A Foreign Events Data Set},
	Year = {1973}}

@book{BaumTier11,
	Address = {New York},
	Author = {Roy F. Baumeister and John Tierney},
	Date-Added = {2011-08-18 17:41:40 -0400},
	Date-Modified = {2011-08-18 17:44:03 -0400},
	Publisher = {Penguin},
	Title = {Willpower: Rediscovering the Greatest Human Strength},
	Year = {2011}}

@unpublished{MikLavBen10,
	Author = {Slava Mikhaylov and Michael Laver and Kenneth Benoit},
	Date-Added = {2011-08-18 17:34:28 -0400},
	Date-Modified = {2011-08-19 16:17:02 -0400},
	Note = {http://www.kenbenoit.net/pdfs/CMP\_reliability\_PA1.pdf},
	Title = {Coder Reliability and Misclassification in the Human Coding of Party Manifestos},
	Year = {2010}}

@article{LowBenMikLavL11,
	Author = {William Lowe and Kenneth Benoit and Slava Mikhaylov and Michael Laver},
	Date-Added = {2011-08-18 17:33:17 -0400},
	Date-Modified = {2011-08-18 17:38:30 -0400},
	Journal = {Legislative Studies Quarterly},
	Number = {1},
	Pages = {123-155},
	Title = {Scaling Policy Preferences From Coded Political Texts},
	Volume = {26},
	Year = {2011}}

@unpublished{MID08,
	Author = {Philip A. Schrodt and Glenn Palmer and Mehmet Emre Hatipoglu},
	Date-Added = {2011-08-18 17:05:28 -0400},
	Date-Modified = {2011-08-18 17:06:59 -0400},
	Note = {American Political Science Association, Boston},
	Title = {Automated Detection of Reports of Militarized Interstate Disputes Using the {SVM} Document Classification Algorithm},
	Year = {2008}}

@unpublished{MID11,
	Author = {Stephen Landis and Vito D'Orazio and Glenn Palmer and Philip A. Schrodt},
	Date-Added = {2011-08-18 17:03:44 -0400},
	Date-Modified = {2011-08-18 17:07:49 -0400},
	Note = {Midwest Political Science Association, Chicago},
	Title = {Separating the Wheat From the Chaff: Application of Two-Step Support Vector Machines to {MID} 4 Text Classification},
	Year = {2011}}

@book{barnett11,
	Address = {Sage eReference (Online service)},
	Author = {Barnett, G.},
	Date-Added = {2011-08-18 14:48:37 -0400},
	Date-Modified = {2011-08-18 14:51:35 -0400},
	Publisher = {Sage},
	Title = {Encyclopedia of Social Networks},
	Year = {2011}}

@article{EMMS04,
	Author = {Jennifer Earl and Andrew Martin and John D. McCarthy and Sarah A. Soule3},
	Date-Added = {2011-08-18 14:26:19 -0400},
	Date-Modified = {2011-08-18 14:29:31 -0400},
	Journal = {Annu. Rev. Sociol.},
	Pages = {65--80},
	Title = {The Use of Newspaper Data on the Study Of Collective Action},
	Volume = {30},
	Year = {2004}}

@article{HendSale12,
	Author = {Hendrix, Cullen and Idean Salehyan},
	Date-Added = {2011-08-18 14:09:48 -0400},
	Date-Modified = {2011-08-18 14:10:53 -0400},
	Journal = {Journal of Peace Research},
	Number = {1},
	Title = {Climate Change, Rainfall, and Social Conflict in Africa},
	Volume = {49},
	Year = {2012}}

@article{Urdal08,
	Author = {Urdal, Henrik},
	Date-Added = {2011-08-18 14:07:05 -0400},
	Date-Modified = {2011-08-18 14:09:03 -0400},
	Journal = {Journal of Conflict Resolution},
	Number = {4},
	Pages = {590-617},
	Title = {Population, resources and violent conflict: A sub-national study of India 1956--2002},
	Volume = {52},
	Year = {2008}}

@article{Zeit11,
	Author = {Zeitzoff, Thomas},
	Date-Added = {2011-08-18 14:04:30 -0400},
	Date-Modified = {2011-08-18 14:05:07 -0400},
	Journal = {Journal of Conflict Resolution},
	Number = {4},
	Title = {Using Social Media to Measure Conflict Dynamics: An Application to the 2008-2009 {G}aza Conflict},
	Volume = {55},
	Year = {2011}}

@article{Author7,
	Author = {AuthorSeven},
	Date-Added = {2011-08-18 13:53:44 -0400},
	Date-Modified = {2011-08-18 13:53:44 -0400},
	Journal = {International Interactions},
	Pages = {nn-nn},
	Title = {The Dynamics of Mass Killings: Testing Time- Series Models of One-Sided Violence in in the {B}osnian Civil War},
	Volume = {vv},
	Year = {2012}}

@unpublished{MID03,
	Author = {COW, Correlates of War Project},
	Date-Added = {2011-08-18 12:27:16 -0400},
	Date-Modified = {2011-08-18 12:32:25 -0400},
	Note = {\texttt{http://www.correlatesofwar.org/COW2\%20Data/MIDs/MID310.html}},
	Title = {Militarized Interstate Disputes (v3.10)},
	Year = {2007}}

@unpublished{ACF10,
	Author = {HSRP, Human Security Report Project},
	Date-Added = {2011-08-18 12:09:20 -0400},
	Date-Modified = {2011-08-18 12:11:05 -0400},
	Note = {\texttt{http://www.conflictmonitors.org/countries/afghanistan/facts-and-figures/violent-incidents}},
	Title = {Afghanistan Conflict Monitor},
	Year = {2010}}

@unpublished{PITFWAD11,
	Author = {PITF},
	Date-Added = {2011-08-18 11:19:27 -0400},
	Date-Modified = {2011-08-18 11:20:26 -0400},
	Note = {\texttt{http://eventdata.psu.edu/data.dir/atrocities.html}},
	Title = {Political Instability Task Force Worldwide Atrocities Dataset},
	Year = {2011}}

@unpublished{VRA06,
	Author = {Gary King and Will Lowe},
	Date-Added = {2011-08-18 11:16:51 -0400},
	Date-Modified = {2011-08-18 11:22:16 -0400},
	Note = {\texttt{http://gking.harvard.edu/data?dvn\_subpage=/faces/study/StudyPage.xhtml?globalId=hdl:1902.1/FYXLAWZRIA}},
	Title = {10 Million International Dyadic Events},
	Year = {2006}}

@unpublished{KEDS10,
	Author = {Schrodt, Philip A. and Gerner, Deborah J.},
	Date-Added = {2011-08-18 11:10:25 -0400},
	Date-Modified = {2011-08-18 11:11:58 -0400},
	Note = {\texttt{http://eventdata.psu.edu}},
	Title = {Kansas Event Data System},
	Year = {2010}}

@unpublished{SPEED11a,
	Author = {Nardulli, Peter},
	Date-Added = {2011-08-18 10:40:14 -0400},
	Date-Modified = {2011-08-18 10:48:49 -0400},
	Note = {\texttt{http://www.clinecenter.illinois.edu/research/speed.html}},
	Title = {The Social, Political and Economic Event Database Project (SPEED)},
	Year = {2011}}

@article{Author8,
	Author = {AuthorEight},
	Date-Added = {2011-08-18 10:31:11 -0400},
	Date-Modified = {2011-08-18 13:54:24 -0400},
	Journal = {International Interactions},
	Pages = {nn-nn},
	Title = {Space-Time {G}ranger Analysis of the War in {I}raq: A Study of Coalition and Insurgent Action-Reaction},
	Volume = {vv},
	Year = {2012}}

@unpublished{WITS11,
	Author = {{NCTC}, National Countterrorism Center},
	Date-Added = {2011-08-18 09:50:16 -0400},
	Date-Modified = {2011-08-18 10:02:53 -0400},
	Note = {\texttt{http://www.nctc.gov/wits/witsnextgen.html}},
	Title = {Worldwide Incidents Tracking System},
	Year = {2011}}

@unpublished{SPEED11,
	Author = {Peter F. Nardulli and Kalev H. Leetaru and Matthew Hayes},
	Note = {Presented at the International Studies Association Meetings, Montr\'eal},
	Title = {Event data, civil unrest and the {SPEED} project},
	Year = {2011}}

@unpublished{UCDP11,
	Author = {Melander, Erik and Ralph Sundberg},
	Note = {Presented at the International Studies Association Meetings, Montr\'eal},
	Title = {Climate Change, Environmental Stress, and Violent Conflict: Tests introducing the {UCDP} Georeferenced Event Dataset},
	Year = {2011}}

@article{ACD02,
	Author = {Gleditsch, Nils P. and Peter Wallensteen and Mikael Eriksson and Margareta Sollenberg and Havard Strand},
	Journal = {Journal of Peace Research},
	Number = {5},
	Pages = {615-637},
	Title = {Armed Conflict 1946-2001: A New Dataset},
	Volume = {39},
	Year = {2002}}

@article{ACD10,
	Author = {Harbom, Lotta and Peter Wallensteen},
	Journal = {Journal of Peace Research},
	Number = {4},
	Pages = {501-509},
	Title = {Armed Conflict 1946-2009},
	Volume = {47},
	Year = {2010}}

@article{PowThyn11,
	Author = {Powell, Jonathan and Clayton Thyne},
	Date-Modified = {2011-08-18 09:31:04 -0400},
	Journal = {Journal of Peace Research},
	Number = {2},
	Pages = {501-509},
	Title = {Global Instances of Coups from 1950 to 2010: A New Dataset},
	Volume = {48},
	Year = {2011}}

@article{ACLED10,
	Author = {Raleigh, Clionadh and Andrew Linke and H{\.}avard Hegre and Joakim Karlsen},
	Date-Modified = {2011-08-18 10:00:42 -0400},
	Journal = {Journal of Peace Research},
	Number = {5},
	Pages = {651-660},
	Title = {Introducing {ACLED}: An Armed Conflict Location and Event Dataset},
	Volume = {47},
	Year = {2010}}

@article{BuhGates02,
	Author = {Buhaug, Halvard and Scott Gates},
	Journal = {Journal of Peace Research},
	Number = {4},
	Pages = {417-433},
	Title = {The geography of civil war},
	Volume = {39},
	Year = {2002}}

@article{BuhLuj05,
	Author = {Buhaug, Halvard and P{\"}aivi Lujala},
	Journal = {Political Geography},
	Number = {4},
	Pages = {399-418},
	Title = {Accounting for scale: Measuring geography in quantitative studies of civil war},
	Volume = {24},
	Year = {2005}}

@article{BuhRod06,
	Author = {Buhaug, Halvard and Jan Ketil Rod},
	Date-Modified = {2011-08-18 09:33:57 -0400},
	Journal = {Political Geography},
	Number = {6},
	Pages = {315-335},
	Title = {Local determinants of {A}frican civil wars, 1970-2001},
	Volume = {25},
	Year = {2006}}

@article{CedGled09,
	Author = {Cederman, Lars-Erik and Kristian Skrede Gleditsch},
	Journal = {Journal of Conflict Resolution},
	Number = {4},
	Pages = {590-617},
	Title = {Introduction to Special Issue of ``Disaggregating Civil War''},
	Volume = {24},
	Year = {2009}}

@article{JenGled09,
	Author = {Jensen, Peter Sandholt and Kristian Skrede Gleditsch},
	Journal = {Defence and Peace Economics},
	Number = {5},
	Pages = {359-372},
	Title = {Rain, Growth, and Civil War: The Importance of Location},
	Volume = {20},
	Year = {2009}}

@article{Author1,
	Author = {AuthorOne},
	Date-Modified = {2011-08-18 09:09:07 -0400},
	Journal = {International Interactions},
	Pages = {nn-nn},
	Title = {{EDACS}, Naked or: Why Conflict Data Coding Needs Transparency and Problem Awareness},
	Volume = {vv},
	Year = {2012}}

@article{Author2,
	Author = {AuthorTwo},
	Date-Modified = {2011-08-18 17:02:18 -0400},
	Journal = {International Interactions},
	Pages = {nn-nn},
	Title = {The Impact of Coups d\'Etat on Civil War Duration},
	Volume = {vv},
	Year = {2012}}

@article{Author3,
	Author = {AuthorThree},
	Date-Modified = {2011-08-18 09:24:05 -0400},
	Journal = {International Interactions},
	Pages = {nn-nn},
	Title = {Explaining Urban Social Disorder and Violence: An Empirical Study of Event Data from {A}sian and {S}ub-{S}aharan {A}frican Cities.},
	Volume = {vv},
	Year = {2012}}

@article{Author4,
	Author = {AuthorFour},
	Date-Modified = {2011-08-18 09:24:12 -0400},
	Journal = {International Interactions},
	Pages = {nn-nn},
	Title = {Water-Related Intrastate Conflict and Cooperation ({WARICC}): A New Event Dataset},
	Volume = {vv},
	Year = {2012}}

@article{Author5,
	Author = {AuthorFive},
	Date-Modified = {2011-08-18 09:24:24 -0400},
	Journal = {International Interactions},
	Pages = {nn-nn},
	Title = {Contention and Repression in {A}frica: An Event-Based Approach Using New Data},
	Volume = {vv},
	Year = {2012}}

@article{Author6,
	Author = {AuthorSix},
	Date-Modified = {2011-08-18 09:24:31 -0400},
	Journal = {International Interactions},
	Pages = {nn-nn},
	Title = {The Coercive Weight of the Past: Temporal Dependence in the Conflict-Repression Nexus},
	Volume = {vv},
	Year = {2012}}

@article{Alt01,
	Author = {Alt, James and King, Gary and Signorino, Curt S.},
	Journal = {Political Analysis},
	Pages = {21-44},
	Title = {Aggregation among Binary, Count, and Duration Models: Estimating the Same Quantities from Different Levels of Data},
	Volume = {9},
	Year = {2001}}

@article{Azar80,
	Author = {Azar, Edward E.},
	Journal = {Journal of Conflict Resolution},
	Pages = {143-152},
	Title = {The Conflict and Peace Data Bank ({COPDAB}) Project},
	Volume = {24},
	Year = {1980}}

@book{BakemanQuera95,
	Address = {New York},
	Author = {Bakeman, R. and Quera, V.},
	Publisher = {Cambridge University Press},
	Title = {Analyzing Interaction: Sequential Analysis with SDIS and GSEQ},
	Year = {1995}}

@article{BNJ03,
	Author = {Blei, David M. and Ng, Andrew and Jordan, Michael},
	Journal = {Journal of Machine Learning Research},
	Note = {\texttt{http://www.cs.princeton.edu/$\sim$blei/papers/BleiNgJordan2003.pdf}},
	Pages = {993-1022},
	Title = {Latent Dirichlet allocation},
	Volume = {3},
	Year = {2003}}

@article{BleiMcAul07,
	Author = {David M. Blei and Jon D. McAuliffe},
	Journal = {Advances in Neural Information Processing Systems (NIPS 2007)},
	Note = {\texttt{http://www.cs.princeton.edu/$\sim$blei/papers/BleiMcAuliffe2007.pdf}},
	Title = {Supervised topic models.},
	Volume = {20},
	Year = {2007}}

@article{Bond97,
	Author = {Bond, Doug and Jenkins, J. Craig and Taylor, Charles L. Taylor and Schock, Kurt},
	Journal = {Journal of Conflict Resolution},
	Number = {4},
	Pages = {553-579},
	Title = {Mapping Mass Political Conflict and Civil Society: Issues and Prospects for the Automated Development of Event Data},
	Volume = {41},
	Year = {1997}}

@article{BBOJT03,
	Author = {Bond, Doug and Bond, Joe and Oh, Churl and Jenkins, J. Craig and Taylor, Charles L.},
	Journal = {Journal of Peace Research},
	Number = {6},
	Pages = {733-745},
	Title = {Integrated Data for Events Analysis ({IDEA}): An Event Typology for Automated Events Data Development},
	Volume = {40},
	Year = {2003}}

@unpublished{Bond04,
	Author = {Joe Bond and Vladimir Petroff and Sean O'Brien and Doug Bond},
	Note = {Presented at the International Studies Association Meetings, Montr\'eal},
	Title = {Forecasting Turmoil in {I}ndonesia: An Application of Hidden {M}arkov Models},
	Year = {2004}}

@article{BF05,
	Author = {Brandt, Patrick T. and Freeman, John R.},
	Journal = {Political Analysis},
	Pages = {1-36},
	Title = {Advances in {B}aysian time Series Modeling and the Study of Politics: Theory testing, Forecasting, and Policy Analysis},
	Volume = {14},
	Year = {2005}}

@article{BFS11,
	Author = {Brandt, Patrick T. and Freeman, John R. and Schrodt, Philip A.},
	Journal = {Conflict Management and Peace Science},
	Pages = {41-64},
	Title = {Real time, time series forecasting of inter- and intra-state political conflict.},
	Volume = {28},
	Year = {2011}}

@book{BBdM02,
	Address = {Columbus, OH},
	Author = {Bueno de Mesquita, Bruce},
	Publisher = {The Ohio State University Press},
	Title = {Predicting Politics},
	Year = {2002}}

@unpublished{Chang10,
	Author = {Chang, Jonathan.},
	Note = {\texttt{http://cran.r-project.org/web/packages/lda/}; Version date: 24-October-2010},
	Title = {Package lda: Collapsed {G}ibbs sampling methods for topic models.},
	Year = {2010}}

@book{ChoucriRobinson79,
	Address = {San Francisco},
	Editor = {Choucri, N. and Robinson, T. W.},
	Publisher = {W.H. Freeman},
	Title = {Forecasting in International Relations: Theory, Methods, Problems, Prospects},
	Year = {1979}}

@article{Crescenzi,
	Author = {Crescenzi, Mark J. C.},
	Issue = {3},
	Journal = {Journal of Politics},
	Pages = {809-832},
	Title = {Economic Exit, Interdependence, and Conflict},
	Volume = {65},
	Year = {2003}}

@unpublished{Dale02,
	Author = {Dale, Thomas G..},
	Note = {Presented at the Florida Political Science Association Meeting, Sarasota},
	Title = {Event Data Analysis and Threats from Temporal Aggregation},
	Year = {2002}}

@book{DaviesGurr98,
	Address = {Lanham, MD},
	Editor = {Davies, John L. and Gurr, Ted R.},
	Publisher = {Rowman and Littlefield},
	Title = {Preventive Measures: Building Risk Assessment and Crisis Early Warning},
	Year = {1998}}

@incollection{Davies98,
	Address = {Lanham, MD},
	Author = {Davies, John L. and Harff, Barbara and Speca, Anne L.},
	Booktitle = {Preventive Measures: Building Risk Assessment and Crisis Early Warning},
	Editor = {Davies, John L. and Gurr, Ted Robert},
	Pages = {79-94},
	Publisher = {Rowman and Littlefield},
	Title = {Dynamic Data for Conflict Early Warning},
	Year = {1998}}

@unpublished{DYS11,
	Author = {D'Orazio, Vito and Yonamine, Jay and Schrodt, Philip A.},
	Note = {Presented at the Midwest Political Science Association, Chicago. Available at \texttt{http://eventdata.psu.edu}},
	Title = {IPredicting Intra-State Conflict Onset: An Events Data Approach using {E}uclidean and {L}evenshtein Distance Measures},
	Year = {2011}}

@article{Duval80,
	Author = {Duval, Robert D. and Thompson, William R.},
	Journal = {American Journal of Political Science},
	Number = {3},
	Pages = {511-525},
	Title = {Reconsidering the Aggregate Relationship between Size, Economic Development, and Some Types of Foreign Policy Behavior},
	Volume = {24},
	Year = {1980}}

@article{Freeman89,
	Author = {Freeman, John R.},
	Journal = {Political Analysis},
	Pages = {61-98},
	Title = {Systematic Sampling, Temporal Aggregation, and the Study of Political Relationships},
	Volume = {1},
	Year = {1989}}

@inproceedings{Freeman06,
	Author = {Freeman, Andrew T. and Condon, Sherri L. and Ackerman, Christopher M.},
	Booktitle = {Proceedings of the main conference on Human Language Technology Conference of the North American Chapter of the Association of Computational Linguistics},
	Location = {New York, New York},
	Pages = {471--478},
	Publisher = {Association for Computational Linguistics},
	Title = {Cross linguistic name matching in {E}nglish and {A}rabic: a ``one to many mapping'' extension of the {L}evenshtein edit distance algorithm},
	Year = {2006}}

@article{Goldstein92,
	Author = {Goldstein, Joshua S.},
	Journal = {Journal of Conflict Resolution},
	Pages = {369-385},
	Title = {A Conflict-Cooperation Scale for {WEIS} Events Data},
	Volume = {36},
	Year = {1992}}

@article{PITF10,
	Author = {Goldstone, Jack A. and Robert Bates and David L. Epstein and Ted Robert Gurr and Michael Lustik and Monty G. Marshall and Jay Ulfelder and Mark Woodward},
	Journal = {American Journal of Political Science},
	Number = {1},
	Pages = {190-208},
	Title = {A Global Model for Forecasting Political Instability},
	Volume = {54},
	Year = {2010}}

@article{Gooskens04,
	Author = {Gooskens, Charlotte and Heeringa, Wilbert},
	Journal = {Language Variation and Change},
	Pages = {189-207},
	Title = {Perceptive Evaluation of Levenshtein Dialect Distance Measurement using Norwegian Dialect Data},
	Volume = {16},
	Year = {2004}}

@article{Hammerli,
	Author = {H{\"}ammerli, August and Gattiker, Regula and Reto Weyermann},
	Journal = {Journal of Conflict Resolution},
	Number = {159},
	Pages = {159-175},
	Title = {Conflict and Cooperation in an Actor's Network of {C}hechnya based on Event Data},
	Volume = {50},
	Year = {2006}}

@incollection{Harff98,
	Address = {Lanham, MD},
	Author = {Harff, Barbara},
	Booktitle = {Preventive Measures: Building Risk Assessment and Crisis Early Warning},
	Editor = {Davies, John L. and Gurr, Ted Robert.},
	Pages = {79-94},
	Publisher = {Rowman and Littlefield},
	Title = {Early Warning of Humanitarian Crises: Sequential Models and the Role of Accelerators},
	Year = {1998}}

@article{HarffGurr98,
	Author = {Harff, Barbara and Gurr, Ted Robert},
	Journal = {Journal of Peace Research},
	Number = {5},
	Pages = {359-371},
	Title = {Systematic Early Warning of Humanitarian Emergencies},
	Volume = {35},
	Year = {2001}}

@article{HodgeAustin03,
	Author = {Hodge, Victoria J. and Austin, Jim},
	Journal = {IEEE Transaction on Knowledge and Data Engineering},
	Number = {5},
	Pages = {1073-1081},
	Title = {A Comparison of Standard Spell Checking Algorithms and a Novel Binary Neural Approach},
	Volume = {15},
	Year = {2003}}

@book{Hudson91,
	Address = {Boulder},
	Editor = {Hudson, Valerie},
	Publisher = {Westview},
	Title = {Artificial Intelligence and International Politics},
	Year = {1991}}

@article{Hudson08,
	Author = {Hudson, Valerie M. and Philip A. Schrodt and Ray D. Whitmer},
	Journal = {Foreign Policy Analysis},
	Number = {2},
	Pages = {105-126},
	Title = {Discrete Sequence Rule Models as a Social Science Methodology: An Exploratory Analysis of Foreign Policy Rule Enactment Within {P}alestinian-{I}sraeli Event Data},
	Volume = {4},
	Year = {2008}}

@manual{Imai07,
	Author = {Imai, Kosuke and Gary King and Olivia Lau},
	Booktitle = {Zelig: Everyone's Statistical Software},
	Editor = {Imai, Kosuke and Gary King and Olivia Lau},
	Howpublished = {\url{http://gking.harvard.edu/zelig}},
	Title = {bilogit: Bivariate Logistic Regression for Dichotomous Dependent Variables},
	Year = {2007}}

@article{Howell83,
	Author = {Howell, Llewellyn D.},
	Date-Modified = {2011-08-17 13:48:15 -0400},
	Journal = {International Studies Quarterly},
	Pages = {149-159},
	Title = {A Comparative Study of the {WEIS} and {COPDAB} Data Sets},
	Volume = {27},
	Year = {1983}}

@article{JenkinsBond01,
	Author = {Jenkins, Craig J. and Bond, Doug},
	Journal = {Journal of Conflict Resolution},
	Number = {1},
	Pages = {3-31},
	Title = {Conflict Carrying Capacity, Political Crisis, and Reconstruction},
	Volume = {45},
	Year = {2001}}

@article{KingLowe04,
	Author = {King, Gary and Lowe, Will},
	Journal = {International Organization},
	Number = {3},
	Pages = {617-642},
	Title = {An Automated Information Extraction Tool for International Conflict Data with Performance as Good as Human Coders: A Rare Events Evaluation Design},
	Volume = {57},
	Year = {2004}}

@book{Khong92,
	Address = {Princeton},
	Author = {Khong, Yuen Foong},
	Publisher = {Princeton University Press},
	Title = {Analogies at War},
	Year = {1992}}

@book{Leng87,
	Address = {Ann Arbor},
	Author = {Leng, Russell J},
	Publisher = {Inter-University Consortium for Political and Social Research},
	Title = {Behavioral Correlates of War, 1816-1975. ({ICPSR} 8606)},
	Year = {1987}}

@book{May73,
	Address = {New York},
	Author = {May, E. R.},
	Publisher = {Oxford University Press},
	Title = {``Lessons'' of the Past: The Use and Misuse of History in {A}merican Foreign Policy},
	Year = {1973}}

@article{McClelland83,
	Author = {McClelland, Charles A.},
	Journal = {International Studies Quarterly},
	Number = {2},
	Pages = {169-177},
	Title = {Let the User Beware},
	Volume = {27},
	Year = {1983}}

@unpublished{McClelland67,
	Author = {McClelland, Charles A.},
	Month = {March},
	Note = {University of Southern California},
	Title = {World-Event-Interaction-Survey: A Research Project on the Theory and Measurement of International Interaction and Transaction},
	Year = {1967}}

@book{McClelland76,
	Address = {Ann Arbor},
	Author = {McClelland, Charles A.},
	Publisher = {Inter-University Consortium for Political and Social Research},
	Title = {World Event/Interaction Survey Codebook (ICPSR 5211)},
	Year = {1976}}

@book{McCullagh89,
	Address = {New York},
	Author = {McCullagh, Peter and Nedler, John A.},
	Publisher = {Chapman and Hall},
	Title = {Generalized Linear Models, Second Edition},
	Year = {1989}}

@article{McGowan88,
	Author = {McGowan, Patrick and Starr, Harvey and Hower, Gretchen and Merrit, Richard L. and Zinnes, Dina A.},
	Journal = {International Interactions},
	Pages = {101-113},
	Title = {International Data as a National Resource},
	Volume = {14},
	Year = {1988}}

@incollection{Mefford85,
	Address = {Boulder},
	Author = {Mefford, Dwain},
	Booktitle = {Dynamic Models of International Conflict},
	Editor = {Urs Luterbacher and Michael Don Ward},
	Publisher = {Lynne Rienner Publishing},
	Title = {Formulating Foreign Policy on the Basis of Historical Programming},
	Year = {1985}}

@book{MMZ93,
	Address = {Ann Arbor},
	Editor = {Merritt, Richard L. and Muncaster, Robert G. and Zinnes, Dina A.},
	Publisher = {University of Michigan Press},
	Title = {International Event Data Developments: {DDIR P}hase {II}},
	Year = {1993}}

@book{NeustadtMay86,
	Address = {New York},
	Author = {Neustadt, R. E. and May, E. R.},
	Publisher = {Free Press},
	Title = {Thinking in Time: The Uses of History for Decision Makers},
	Year = {1986}}

@incollection{Noord01,
	Author = {van Noord, Gertjan and Gerdemann, Dale},
	Booktitle = {Automata Implementation},
	Editor = {Boldt, Oliver and Jorgensen, Helmut},
	Pages = {122-139},
	Publisher = {Springer Berlin / Heidelberg},
	Series = {Lecture Notes in Computer Science},
	Title = {An Extendible Regular Expression Compiler for Finite-State Approaches in Natural Language Processing},
	Url = {http://dx.doi.org/10.1007/3-540-45526-4\_12},
	Volume = {2214},
	Year = {2001},
	Bdsk-Url-1 = {http://dx.doi.org/10.1007/3-540-45526-4%5C_12}}

@article{PevehouseGoldstein99,
	Author = {Pevehouse, Jon C. and Goldstein, Joshua S.},
	Journal = {The Journal of Conflict Resolution},
	Number = {4},
	Pages = {538-546},
	Title = {{S}erbian Compliance or Defiance in {K}osovo? Statistical Analysis and Real-Time Predictions},
	Volume = {43},
	Year = {1999}}

@article{OBrien10,
	Author = {O'Brien, Sean},
	Journal = {International Studies Review},
	Number = {1},
	Pages = {87-104},
	Title = {Crisis Early Warning and Decision Support: Contemporary Approaches and Thoughts on Future Research},
	Volume = {12},
	Year = {2010}}

@article{Saha07,
	Author = {Saha, Surya and Bridges, Susan and Magbanua, Zenaida and Peterson, Daniel},
	Issue = {1},
	Journal = {Tropical Plant Biology},
	Pages = {85-96},
	Title = {Computational Approaches and Tools Used in Identification of Dispersed Repetitive {DNA} Sequences},
	Volume = {1},
	Year = {2008}}

@article{Salmon11,
	Author = {Salmon, Felix and Stokes, Jon},
	Journal = {Wired},
	Note = {January 2011. \texttt{http://www.wired.com/magazine/2010/12/ff\_ai\_flashtrading/}},
	Title = {Bull vs. Bear vs. Bot},
	Year = {2011}}

@article{schneider10,
	Author = {Schneider, Gerald and Gleditsch, Nils Petter and Carey, Sabine C.},
	Journal = {International Studies Review},
	Number = {1},
	Title = {Exploring the Past, Anticipating the Future: A Symposium},
	Volume = {12},
	Year = {2010}}

@unpublished{Shearer06,
	Author = {Shearer, Robert},
	Note = {Available at \texttt{http://eventdata.psu.edu/papers.dir/Shearer.IP.pdf}},
	Title = {Forecasting {I}sraeli-{P}alestinian Conflict with Hidden {M}arkov Models},
	Year = {2006}}

@article{Shellman06,
	Author = {Shellman, Stephen},
	Journal = {Journal of Conflict Resolution},
	Number = {4},
	Pages = {563-599},
	Title = {Process Matters: Conflict and Cooperation in Sequential Government-Dissident Interactions},
	Volume = {15},
	Year = {2000}}

@article{Shellman04SS,
	Author = {Shellman, Stephen},
	Date-Modified = {2012-02-22 15:24:55 +0000},
	Journal = {Security Studies},
	Number = {1},
	Pages = {97-104},
	Title = {Time Series Intervals and Statistical Inference: The Effects of Temporal Aggregation on Event Data Analysis},
	Volume = {12},
	Year = {2004}}

@article{Shellman04II,
	Author = {Shellman, Stephen M.},
	Journal = {International Interactions},
	Number = {2},
	Pages = {109-141},
	Title = {Measuring the Intensity of Intranational Political Interactions Event Data: Two Interval-Like Scales},
	Volume = {30},
	Year = {2004}}

@article{Shellman10,
	Author = {Shellman, Stephen and Hatfield, Clare and Mills, Maggie},
	Journal = {Journal of Peace Research},
	Number = {1},
	Title = {Dissagregating Actors in Intrastate Conflict},
	Volume = {47},
	Year = {2010}}

@article{Shellman07,
	Author = {Shellman, Stephen and Stewart, Brandon},
	Journal = {Civil Wars},
	Number = {2},
	Pages = {174-199},
	Title = {Predicting Risk Factors Associated with Forced Migration: An Early Warning Model of {H}aitian Flight},
	Volume = {9},
	Year = {2007}}

@unpublished{ROCR09,
	Author = {Tobias Sing and Oliver Sander and Niko Beerenwinkel and Thomas Lengauer},
	Date-Modified = {2011-08-18 09:19:20 -0400},
	Note = {Available at \texttt{http://cran.r-project.org/web/packages/ROCR/}; Version dated 08-Dec-2009},
	Title = {Package {ROCR}: Visualizing the performance of scoring classifiers.},
	Year = {2009}}

@book{Tetlock05,
	Address = {Princeton, NJ},
	Author = {Tetlock, Philip E.},
	Publisher = {Princeton University Press},
	Title = {Expert Political Judgment: How Good Is It? How Can We Know?},
	Year = {2005}}

@inproceedings{Troncoso,
	Address = {New York, NY},
	Author = {Troncoso-Pastoriza, Juan Ram\'{o}n and Katzenbeisser, Stefan and Celik, Mehmet},
	Booktitle = {Proceedings of the 14th ACM conference on Computer and communications security},
	Location = {Alexandria, Virginia, USA},
	Numpages = {10},
	Pages = {519--528},
	Publisher = {ACM},
	Title = {Privacy preserving error resilient dna searching through oblivious automata},
	Year = {2007}}

@book{Rijsbergen,
	Address = {London},
	Author = {Rijsbergen, C.J. van},
	Publisher = {Butterworth-Heinemann Press},
	Title = {Information Retrieval},
	Year = {1979}}

@article{Ward10,
	Author = {Ward, Michael D. and Greenhill, Brian D. and Bakke, Kristin M.},
	Journal = {Journal of Peace Research},
	Number = {5},
	Pages = {363-375},
	Title = {The Perils of Policy by P-Value: Predicting Civil Conflicts},
	Volume = {47},
	Year = {2010}}

@article{Achen02,
	Author = {Achen, Christopher},
	Journal = {Annual Review of Political Science},
	Pages = {423-450},
	Title = {Toward a New Political Methodology: Microfoundations and {ART}},
	Volume = {5},
	Year = {2002}}

@book{AldBlash84,
	Address = {Beverly Hills},
	Author = {Aldenderfer, Mark S. and Roger K. Blashfield},
	Publisher = {Sage Publications},
	Title = {Cluster Analysis},
	Year = {1984}}

@book{Anderson58,
	Address = {New York},
	Author = {Anderson, T. W.},
	Publisher = {Wiley},
	Title = {The Statistical Analysis of Time-Series.},
	Year = {1958}}

@book{Axelrod84,
	Address = {New York},
	Author = {Axelrod, Robert},
	Publisher = {Basic Books},
	Title = {The Evolution of Cooperation},
	Year = {1984}}

@book{Bailey95,
	Address = {Thousand Oaks, CA},
	Author = {Bailey, Kenneth D.},
	Publisher = {Sage Publications},
	Title = {Typologies and Taxonomies: An Introduction to Classification Techniques},
	Year = {1995}}

@article{BKT98,
	Author = {Beck, Nathaniel and Jonathan N. Katz and Richard Tucker},
	Journal = {American Journal of Political Science},
	Number = {4},
	Pages = {1260-1288},
	Title = {Taking Time Seriously: Time-Series-Cross-Section Analysis with a Binary Dependent Variable},
	Volume = {42},
	Year = {1998}}

@book{Bishop06,
	Address = {Heidelberg},
	Author = {Bishop, Christopher M.},
	Publisher = {Springer-Verlag},
	Title = {Pattern Recognition and Machine Learning},
	Year = {2006}}

@book{BradyCollier04,
	Address = {Lanham, MD},
	Editor = {Brady, Henry and David Collier},
	Publisher = {Rowman and Littlefield},
	Title = {Rethinking Social Inquiry},
	Year = {2004}}

@article{Brau03,
	Author = {Braumoeller, Bear F.},
	Journal = {Political Analysis},
	Pages = {209-233},
	Title = {Causal Complexity and the Study of Politics},
	Volume = {11},
	Year = {2003}}

@book{Devaney86,
	Address = {Menlo Park},
	Author = {Devaney, Robert L.},
	Date-Modified = {2011-08-17 13:05:44 -0400},
	Publisher = {Cummings},
	Title = {An Introduction to Chaotic Dynamical Systems},
	Year = {1986}}

@book{DHS01,
	Address = {New York},
	Author = {Duda, Richard O. and Peter E. Hart and David G. Stork},
	Edition = {2},
	Publisher = {Wiley},
	Title = {Pattern Classification},
	Year = {2001}}

@article{Economist10,
	Author = {The Economist},
	Journal = {The Economist},
	Title = {Data, Data Everywhere: A Special Report on Managing Information},
	Volume = {27 February 2010},
	Year = {2010}}

@incollection{Friedman53,
	Address = {Chicago},
	Author = {Friedman, Milton},
	Booktitle = {Essays in Positive Economics},
	Publisher = {University of Chicago Press},
	Title = {The Methodology of Positive Economics},
	Year = {1953}}

@book{Freedman05,
	Address = {Cambridge},
	Author = {Freedman, David A.},
	Publisher = {Cambridge University Press},
	Title = {Statistical Models: Theory and Practice},
	Year = {2005}}

@book{Freedman09,
	Address = {Cambridge},
	Editor = {Freedman , David A. and David Collier and Jasjeet Sekhon and Philip B. Stark},
	Publisher = {Cambridge University Press},
	Title = {Statistical Models and Causal Inference: A Dialogue with the Social Sciences},
	Year = {2009}}

@book{Frey92,
	Address = {Boston},
	Author = {Frey, Bruno S.},
	Publisher = {Kluwer Academic Publishers},
	Title = {Economics as a Science of Human Behaviour: Towards a New Social Science Paradigm},
	Year = {1992}}

@article{Gill99,
	Author = {Gill, Jeff},
	Journal = {Political Research Quarterly},
	Number = {3},
	Pages = {647-674},
	Title = {The Insignificance of Null Hypothesis Significance Testing},
	Volume = {52},
	Year = {1999}}

@book{Gill03,
	Address = {Boca Raton, FL},
	Author = {Gill, Jeff},
	Publisher = {Chapman and Hall},
	Title = {Bayesian methods : a social and behavioral sciences approach},
	Year = {2003}}

@book{GreenShairo94,
	Address = {New Haven},
	Author = {Green, Donald P. and Ian Shapiro},
	Publisher = {Yale University Press},
	Title = {Pathologies of Rational Choice Theory},
	Year = {1994}}

@book{Greenacre84,
	Address = {New York},
	Author = {Greenacre, Michael J.},
	Publisher = {Academic Press},
	Title = {Theory and Applications of Correspondence Analysis},
	Year = {1984}}

@article{Harmon10,
	Author = {Harmon, Amy},
	Journal = {Sunday New York Times},
	Title = {New Drugs Stir Debate on Rules of Clinical Trials},
	Volume = {19 Sept 2010},
	Year = {2010}}

@article{HempOpp48,
	Author = {Hempel, Carl G. and Paul Oppenheim},
	Journal = {Philosophy of Science},
	Number = {2},
	Pages = {135-175},
	Title = {Studies in the Logic of Explanation},
	Volume = {15},
	Year = {1948}}

@incollection{Hempel01,
	Address = {Oxford},
	Author = {Hempel, Carl G.},
	Booktitle = {The philosophy of Carl G. Hempel : studies in science, explanation, and rationality},
	Chapter = {5},
	Editor = {Carl G. Hempel and James H. Fetzer},
	Publisher = {Oxford University Press},
	Title = {Explanation and Prediction by Covering Laws},
	Year = {2001}}

@book{HogarthReder87,
	Address = {Chicago},
	Editor = {Hogarth, Robin M. and Melvin W. Reder},
	Publisher = {University of Chicago Press},
	Title = {Rational Choice: The Contrast between Economics and Psychology},
	Year = {1987}}

@book{Huff54,
	Address = {New York},
	Author = {Huff, Darrell},
	Publisher = {Norton},
	Title = {How to lie with statistics},
	Year = {1954}}

@book{KST82,
	Address = {Cambridge},
	Author = {Kahneman, Daniel and Paul Slovic and Amos Tversky},
	Publisher = {Cambridge University Press},
	Title = {Judgement Under Uncertainty: Heuristics and Biases},
	Year = {1982}}

@article{King86,
	Author = {King, Gary},
	Journal = {American Journal of Political Science},
	Number = {3},
	Pages = {666-687},
	Title = {How Not to Lie with Statistics: Avoiding Common Mistakes in Quantitative Political Science},
	Volume = {30},
	Year = {1986}}

@book{KKV94,
	Address = {Princeton},
	Author = {King, Gary and Robert O. Keohane and Sidney Verba},
	Publisher = {Princeton University Press},
	Title = {Designing Social Inquiry},
	Year = {1994}}

@article{KingZeng01,
	Author = {King, Gary and Langche Zeng},
	Journal = {World Politics},
	Number = {4},
	Pages = {623-658},
	Title = {Improving Forecasts of State Failure},
	Volume = {53},
	Year = {2001}}

@article{LavBenGar03,
	Author = {Laver, Michael and Kenneth Benoit and John Garry},
	Date-Modified = {2011-08-17 21:06:27 -0400},
	Journal = {American Political Science Review},
	Number = {2},
	Pages = {311-331},
	Title = {Extracting policy positions from political texts using words as data},
	Volume = {97},
	Year = {2003}}

@article{Lazarfeld37,
	Author = {Lazarfeld, Paul F.},
	Journal = {Zietschrift Fuer Sozialforschung},
	Pages = {119-139},
	Title = {Some Remarks on Typological Procedures in Social Research},
	Volume = {6},
	Year = {1937}}

@article{MarkFales97,
	Author = {Markovsky, Barry and Fales, Evan},
	Journal = {Social Forces},
	Number = {2},
	Pages = {511-525},
	Title = {Evaluating Heterodox Theories},
	Volume = {76},
	Year = {1997}}

@article{McKeown99,
	Author = {McKeown, Timothy},
	Journal = {International Organization},
	Number = {1},
	Pages = {161-190},
	Title = {Case Studies and the Statistical Worldview: {R}eview of {K}ing, {K}eohane, and {V}erba's \textit{{D}esigning {S}ocial {I}nquiry: {S}cientific Inference in Qualitative Research}},
	Volume = {53},
	Year = {1999}}

@book{Morrison70,
	Address = {New Brunswick, NJ},
	Editor = {Morrison, Denton E. and Ramon E. Henkel},
	Publisher = {Transaction Publishers},
	Title = {The Significance Test Controversy: A Reader},
	Year = {1970}}

@article{OnealRuss99,
	Author = {Oneal, John R. and Bruce Russett},
	Journal = {Journal Of Peace Research},
	Number = {4},
	Pages = {423-442},
	Title = {Assessing the liberal peace with alternative specifications: Trade still reduces conflict},
	Volume = {36},
	Year = {1999}}

@article{TM88,
	Author = {Orme-Johnson, D.W. and Alexander,C.N. and Davies, J.L. and Chandler, H.M. and Larimore, W.E.},
	Journal = {Journal of Conflict Resolution},
	Number = {4},
	Pages = {776-812},
	Title = {International peace project in the {M}iddle {E}ast: The Effects of the {M}aharishi Technology of the Unified Field},
	Volume = {32},
	Year = {1988}}

@article{Quine51,
	Author = {Quine, Willard Van Orman},
	Journal = {The Philosophical Review},
	Pages = {20-43},
	Title = {Two Dogmas of Empiricism},
	Volume = {60},
	Year = {1951}}

@article{PA04,
	Author = {Political Analysis},
	Journal = {Political Analysis},
	Number = {4},
	Title = {Special Issue of on {B}ayesian Methods},
	Volume = {12},
	Year = {2004}}

@book{SDQ60,
	Address = {Chicago},
	Author = {Richardson, Lewis F.},
	Publisher = {Quadrangle},
	Title = {Statistics of Deadly Quarrels},
	Year = {1960}}

@book{Ragin87,
	Address = {Berkeley, CA},
	Author = {Ragin, Charles C.},
	Publisher = {University of California Press},
	Title = {The Comparative Method},
	Year = {1994}}

@book{Ragin00,
	Address = {Chicago},
	Author = {Ragin, Charles C.},
	Publisher = {Chicago University Press},
	Title = {Fuzzy-Set Social Science.},
	Year = {2000}}

@book{RikeOrds73,
	Address = {Englewood Cliffs, NJ},
	Author = {Riker, William H. and Peter Ordeshook},
	Publisher = {Prentice-Hall},
	Title = {An Introduction to Positive Political Theory},
	Year = {1973}}

@book{Schal92,
	Address = {New York},
	Author = {Schalkoff, Robert},
	Publisher = {Wiley},
	Title = {Pattern Recognition: Statistical, Structural and Neural Approaches},
	Year = {1992}}

@book{Sokal98,
	Address = {New York},
	Author = {Sokal, Alan D.},
	Publisher = {Picador},
	Title = {Fashionable Nonsense: Postmodern Intellectuals' Abuse of Science},
	Year = {1998}}

@book{WHPSI72,
	Address = {New Haven},
	Author = {Taylor, Charles L. and Michael C. Hudson},
	Edition = {2},
	Publisher = {Yale University Press},
	Title = {World Handbook of Political and Social Indicators},
	Year = {1972}}

@book{TheoKout09,
	Address = {Heidelberg},
	Author = {Theodoridis, Sergios and Konstantinos Koutroumbas},
	Edition = {4},
	Publisher = {Springer},
	Title = {Pattern Recognition},
	Year = {2009}}

@article{TurnThies09,
	Author = {Turner, Charles C. and Cameron G. Thies},
	Journal = {Journal of Conflict Resolution},
	Pages = {367-373},
	Title = {What We Mean by Scope and Methods: A Survey of Undergraduate Scope and Methods Courses},
	Volume = {April 2009},
	Year = {2009}}

@book{Vertz90,
	Address = {Stanford},
	Author = {Vertzberger, Yaacov Y.I.},
	Publisher = {Stanford University Press},
	Title = {The World in their Minds: Information Processing, Cognition and Perception in Foreign Policy Decision Making},
	Year = {1990}}
