%% This BibTeX bibliography file was created using BibDesk.
%% http://bibdesk.sourceforge.net/


%% Created for Philip Schrodt at 2011-09-05 09:25:56 -0700 


%% Saved with string encoding Unicode (UTF-8) 



@unpublished{SchrHuds06,
	Author = {Schrodt, Philip A. and Valerie M. Hudson},
	Date-Added = {2011-09-05 08:37:28 -0700},
	Date-Modified = {2011-09-05 08:37:28 -0700},
	Note = {Presented at the American Political Science Association, Philadelphia},
	Title = {A Conditional Probability Analysis of Pattern-Based Models Applied to Event Data in the Israeli-Palestinian Conflict},
	Year = {2006}}

@unpublished{SGS01,
	Author = {Schrodt, Philip A. and Deborah J. Gerner and Erin M. Simpson},
	Date-Added = {2011-09-05 08:35:15 -0700},
	Date-Modified = {2011-09-05 08:35:15 -0700},
	Publisher = {Presented at the PRIO/Uppsala University/DECRG High-Level Scientific Conference on Identifying Wars: Systematic Conflict Research and Its Utility in Conflict Resolution and Prevention, Uppsala},
	Title = {Monitoring conflict using automated coding of newswire sources: a comparison of five geographical regions.},
	Year = {2001}}

@incollection{Schrodt04,
	Address = {Lexington, MA},
	Author = {Schrodt, Philip A.},
	Booktitle = {Multiple Paths to Knowledge in International Relations},
	Date-Added = {2011-09-05 08:31:56 -0700},
	Date-Modified = {2011-09-05 08:32:30 -0700},
	Editor = {Zeev Maoz and Alex Mintz and T. Clifton Morgan and Glenn Palmer and Richard J. Stoll},
	Pages = {99-124},
	Publisher = {Lexington Books},
	Title = {Detecting United States Mediation Styles in the Middle East, 1979-1998},
	Year = {2004}}

@article{MintzSchr88,
	Author = {Mintz, Alex and Philip A. Schrodt},
	Date-Added = {2011-09-05 08:17:32 -0700},
	Date-Modified = {2011-09-05 08:28:24 -0700},
	Journal = {American Journal of Political Science},
	Number = {1},
	Pages = {217-230},
	Title = {A Conditional Probability Analysis of Regional Interactions in the Middle East},
	Volume = {32},
	Year = {1988}}

@article{PASTM90,
	Author = {Schrodt, Philip A.},
	Journal = {Journal of Conflict Resolution},
	Number = {4},
	Pages = {745-755},
	Title = {A Methodological Critique of a Test of the Effects of the {M}aharishi Technology of the Unified Field},
	Volume = {34},
	Year = {1990}}

@article{Schrodt88,
	Author = {Schrodt, Philip A.},
	Journal = {The American Sociologist},
	Number = {2},
	Pages = {71-85},
	Title = {Artificial Intelligence and Formal Models of International Behavior},
	Volume = {12},
	Year = {1988}}

@article{Schrodt90,
	Author = {Schrodt, Philip A.},
	Journal = {Political Behavior},
	Number = {2},
	Pages = {97-123},
	Title = {Parallel Event Sequences in International Relations},
	Volume = {12},
	Year = {1990}}

@incollection{Schrodt91,
	Address = {Boulder},
	Author = {Schrodt, Philip A.},
	Booktitle = {Artificial Intelligence and International Politics},
	Editor = {Hudson, Valerie},
	Publisher = {Westview},
	Title = {Pattern Recognition of International Event Sequences: A Machine Learning Approach},
	Year = {1991}}

@article{Schrodt94,
	Author = {Schrodt, Philip A.},
	Journal = {International Interactions},
	Number = {1-2},
	Pages = {35-53},
	Title = {Statistical Characteristics of Events Data},
	Volume = {20},
	Year = {1994}}

@incollection{Schrodt00,
	Address = {Ann Arbor},
	Author = {Schrodt, Philip A.},
	Booktitle = {Political Complexity: Nonlinear Models of Politics},
	Editor = {Diana Richards},
	Pages = {296-328},
	Publisher = {University of Michigan Press},
	Title = {Pattern Recognition of International Crises using Hidden {M}arkov Models},
	Year = {2000}}

@book{PRL04,
	Author = {Schrodt, Philip A.},
	Date-Modified = {2011-09-05 08:32:18 -0700},
	Edition = {2nd},
	Publisher = {\texttt{http://eventdata.psu.edu/papers.dir/Schrodt.PRL.2.0.pdf}},
	Title = {Patterns, Rules and Learning: Computational Models of International Behavior},
	Year = {2004}}

@incollection{Schrodt06PFP,
	Address = {Dordrecht, Netherlands},
	Author = {Schrodt, Philip A.},
	Booktitle = {Programming for Peace: Computer-Aided Methods for International Conflict Resolution and Prevention},
	Editor = {Robert Trappl},
	Pages = {161-184},
	Publisher = {Kluwer Academic Publishers},
	Title = {Forecasting Conflict in the {B}alkans using Hidden {M}arkov Models},
	Year = {2006}}

@unpublished{Schrodt07,
	Author = {Schrodt, Philip A.},
	Note = {Presented at the Summer Meeting of the Society of Political Methodology.Available at \texttt{http://eventdata.psu.edu}},
	Title = {Inductive Event Data Scaling using Item Response Theory},
	Year = {2007}}

@unpublished{Schrodt10,
	Author = {Schrodt, Philip A.},
	Note = {Presented at the American Political Science Association meetings, Washington},
	Title = {Automated Production of High-Volume, Near-Real-Time Political Event Data},
	Year = {2010}}

@unpublished{Schrodt7DS,
	Author = {Schrodt, Philip A.},
	Note = {Presented at the American Political Science Association meetings, Washington},
	Title = {Seven Deadly Sins of Contemporary Quantitative Analysis},
	Year = {2010}}

@unpublished{Schrodt11,
	Author = {Schrodt, Philip A.},
	Note = {Presented at the European Political Science Association meetings, Dublin},
	Title = {Forecasting Political Conflict in {A}sia using Latent {D}irichlet Allocation Models},
	Year = {2011}}

@article{SchrGer97,
	Author = {Schrodt, Philip A. and Gerner, Deborah J.},
	Date-Modified = {2011-08-17 13:07:10 -0400},
	Journal = {Journal of Conflict Resolution},
	Number = {4},
	Pages = {803-817},
	Title = {Empirical Indicators of Crisis Phase in the {M}iddle {E}ast, 1979-1995},
	Volume = {25},
	Year = {1997}}

@article{SchrGer00,
	Author = {Schrodt, Philip A. and Gerner, Deborah J.},
	Date-Modified = {2011-08-17 13:06:27 -0400},
	Journal = {American Political Science Review},
	Number = {4},
	Pages = {803-817},
	Title = {Cluster-Based Early Warning Indicators for Political Change in the Contemporary {L}evant},
	Volume = {94},
	Year = {2000}}

@article{SchrGer04,
	Author = {Schrodt, Philip A. and Gerner, Deborah J.},
	Date-Modified = {2011-08-17 13:06:45 -0400},
	Journal = {Journal of Conflict Resolution},
	Number = {3},
	Pages = {310-330},
	Title = {An Event Data Analysis of Third-Party Mediation},
	Volume = {48},
	Year = {2004}}

@article{Schrodt06,
	Author = {Schrodt, Philip A.},
	Journal = {Political Analysis},
	Number = {3},
	Pages = {335-339},
	Title = {Beyond the Linear Frequentist Orthodoxy},
	Volume = {14},
	Year = {2006}}

@article{Schrodt09,
	Author = {Schrodt, Philip A.},
	Journal = {The Political Methodologist},
	Number = {1},
	Pages = {2-4},
	Title = {Reflections on the State of Political Methodology},
	Volume = {17},
	Year = {2009}}

@article{GSFW94,
	Author = {Gerner, Deborah J. and Schrodt, Philip A. and Francisco, Ronald A. and Weddle, Judith L.},
	Journal = {International Studies Quarterly},
	Pages = {91-119},
	Title = {The Machine Coding of Events from Regional and International Sources},
	Volume = {38},
	Year = {1994}}

@article{SchrGer94,
	Author = {Schrodt, Philip A. and Gerner, Deborah J.},
	Date-Modified = {2011-08-17 13:06:58 -0400},
	Journal = {American Journal of Political Science},
	Pages = {825-854},
	Title = {Validity Assessment of a Machine-Coded Event Data Set for the {M}iddle {E}ast, 1982-1992},
	Volume = {38},
	Year = {1994}}

@book{CAMEO09,
	Author = {Gerner, Deborah J. and Schrodt, Philip A. and Yilmaz, {\"}Om{\"}ur},
	Date-Modified = {2011-09-05 09:25:56 -0700},
	Publisher = {\texttt{http://eventdata.psu.edu/data.dir/cameo.html}},
	Title = {\textit{Conflict and Mediation Event Observations ({CAMEO}) Codebook}},
	Year = {2009}}

@incollection{SGY09,
	Address = {New York},
	Author = {Philip A. Schrodt and Gerner, Deborah J. and Yilmaz, {\"}Om{\"}ur},
	Booktitle = {International Conflict Mediation: New Approaches and Findings},
	Editor = {Bercovitch, Jacob and Gartner, Scott},
	Publisher = {Routledge},
	Title = {Conflict and Mediation Event Observations ({CAMEO}): An Event Data Framework for a Post {C}old {W}ar World},
	Year = {2009}}

@unpublished{SGAY01,
	Author = {Schrodt, Philip A. and Gerner, Deborah J. and Abu-Jabr, Rajaa and Yilmaz, {\"}Om{\"}ur and Simpson, Erin M.},
	Note = {Presented at the American Political Science Association meetings, San Francisco},
	Title = {Analyzing the Dynamics of International Mediation processes in the {M}iddle {E}ast and {B}alkans},
	Year = {2001}}

@article{Schrodt06TPM,
	Author = {Schrodt, Philip A.},
	Journal = {The Political Methodologist},
	Number = {1},
	Pages = {2-8},
	Title = {Twenty Years of the {K}ansas Event Data System Project},
	Volume = {14},
	Year = {2006}}

@manual{TAB11,
	Author = {Schrodt, Philip A.},
	Date-Modified = {2011-08-17 13:04:01 -0400},
	Note = {\texttt{http://eventdata.psu.edu/tabari.html}},
	Title = {{TABARI}: Textual Analysis By Augmented Replacement Instructions},
	Year = {2011}}
