%% This BibTeX bibliography file was created using BibDesk.
%% http://bibdesk.sourceforge.net/


%% Created for Philip Schrodt at 2012-02-22 14:43:40 +0100 


%% Saved with string encoding Unicode (UTF-8) 



@book{Arendt1970,
	Address = {Orlando},
	Author = {Arendt, Hannah},
	Isbn = {0156695006},
	Publisher = {Houghton Mifflin Harcourt},
	Title = {On violence},
	Year = {1970}}

@book{Axelrod1984,
	Address = {New York, NY},
	Author = {Robert Axelrod},
	Publisher = {Basic Books},
	Title = {The Evolution of Cooperation},
	Year = {1984}}

@article{BeckKatzTucker1998,
	Author = {Nathaniel Beck and Jonathan N. Katz and Richard Tucker},
	Journal = {American Journal of Political Science},
	Number = {4},
	Pages = {1260-1288},
	Title = {Taking Time Seriously: Time-Series-Cross-Section Analysis with a Binary Dependent Variable},
	Volume = {42},
	Year = {1998}}

@article{BeckKingZeng2000,
	Author = {Nathaniel Beck and Gary King and Langche Zeng},
	Journal = {American Political Science Review},
	Number = {1},
	Pages = {21-35},
	Title = {Improving Quantitative Studies of International Conflict: A Conjecture},
	Volume = {94},
	Year = {2000}}

@unpublished{BegerDeMerittHwangMoore2011,
	Author = {Andreas Beger and Jacqueline H.R. DeMeritt and Wonjae Hwang and Will H. Moore},
	Note = {working paper},
	Title = {The Split Population Logit (SPopLogit): Modeling Measurement Bias in Binary Data},
	Url = {http://ssrn.com/abstract=1773594},
	Year = {2011},
	Bdsk-Url-1 = {http://ssrn.com/abstract=1773594}}

@article{BeniniMoulton2004,
	Author = {Aldo A. Benini and Lawrence H. Moulton},
	Journal = {Journal of Peace Research},
	Number = {4},
	Pages = {403-422},
	Title = {Civilian Victims in an Asymmetrical Conflict: Operation Enduring Freedom, Afghanistan},
	Volume = {41},
	Year = {2004}}

@book{BennettStam2004,
	Address = {Ann Arbor},
	Author = {D. Scott Bennett and Alan Stam},
	Publisher = {University of Michigan Press},
	Title = {The Behavioral Orgins of War},
	Year = {2004}}

@article{BesleyPersson2009,
	Author = {Timothy Besley and Torsten Persson},
	Journal = {American Economic Review},
	Number = {2},
	Pages = {292-297},
	Title = {Repression or Civil War?},
	Volume = {99},
	Year = {2009}}

@article{BrandtFreemanSchrodt2011,
	Author = {Patrick T. Brandt and John R. Freeman and Philip A. Schrodt},
	Journal = {Conflict Management and Peace Science},
	Number = {1},
	Pages = {41-64},
	Title = {Real Time, Time Series Forecasting of Inter- and Intra-state Political Conflict},
	Volume = {28},
	Year = {2011}}

@article{BraumoellerCarson2011,
	Author = {Braumoeller, Bear F. and Carson, Austin},
	Journal = {Journal of Conflict Resolution},
	Number = {2},
	Pages = {292--320},
	Publisher = {SAGE Publications},
	Title = {Political Irrelevance, Democracy, and the Limits of Militarized Conflict},
	Volume = {55},
	Year = {2011}}

@book{BDMLalman1992,
	Address = {New Haven},
	Author = {{Bueno de Mesquita, Bruce} and David Lalman},
	Publisher = {Yale University Press},
	Title = {War and Reason: Domestic and International Imperatives},
	Year = {1992}}

@article{Buhaug2006,
	Author = {Halvard Buhaug},
	Journal = {Journal of Peace Research},
	Number = {6},
	Pages = {691-708},
	Title = {Relative Capability and Rebel Objective in Civil War},
	Volume = {43},
	Year = {2006}}

@article{BuuJohnsonLiTan2011,
	Author = {Anne Buu and Norman J. Johnson and Runze Li and Xianming Tan},
	Journal = {Statistics in Medicine},
	Title = {New Variable Selection Methods for Zero-Inflated Count Data with Applications to the Substance Abuse Field},
	Year = {2011}}

@article{Clark2003,
	Author = {David H. Clark},
	Journal = {Journal of Politics},
	Number = {4},
	Pages = {1013-1039},
	Title = {Can Strategic Interaction Divert Diversionary Behavior? A Model of U.S. Conflict Propensity},
	Volume = {65},
	Year = {2003}}

@article{ClarkRegan2003,
	Author = {Clark, David H. and Regan, Patrick M.},
	Journal = {Journal of Conflict Resolution},
	Number = {1},
	Pages = {94--115},
	Publisher = {Peace Science Soc},
	Title = {Opportunities to fight: A statistical technique for modeling unobservable phenomena},
	Volume = {47},
	Year = {2003}}

@article{Cohen1983,
	Author = {Jacob Cohen},
	Journal = {Applied Psychological Measurement},
	Number = {3},
	Pages = {249-253},
	Title = {The Cost of Dichotomization},
	Volume = {7},
	Year = {1983}}

@article{Cragg1971,
	Author = {John G. Cragg},
	Journal = {Econometrica},
	Number = {5},
	Pages = {829-844},
	Title = {Some Statistical Models for Limited Dependent Variables with Application to the Demand for Durable Goods},
	Volume = {39},
	Year = {1971}}

@article{CzadoGneitingHeld2009,
	Author = {Claudia Czado and Tilmann Gneiting and Leonard Held},
	Journal = {Biometrics},
	Number = {4},
	Pages = {1254-1261},
	Title = {Predictive Model Assessment for Count Data},
	Volume = {65},
	Year = {2009}}

@misc{DorazioYonamineSchrodt2011,
	Author = {Vito D'Orazio and James E. Yonamine and Philip A. Schrodt},
	Howpublished = {Presented at the 69th annual Midwest Political Science Association meeting},
	Title = {Predicting Intra-State Conflict Onset: An Event Data Approach Using Euclidean and Levenshtein Distance Measures},
	Year = {2011}}

@article{DownsRocke1994,
	Author = {George W. Downs and David M. Rocke},
	Journal = {American Journal of Political Science},
	Number = {2},
	Pages = {362--380},
	Publisher = {JSTOR},
	Title = {Conflict, Agency, and Gambling for Resurrection: The Principal-Agent Problem Goes to War},
	Volume = {38},
	Year = {1994}}

@article{DrakosGofas2006jcr,
	Author = {Konstantino Drakos and Andreas Gofas},
	Journal = {Journal of Conflict Resolution},
	Month = {October},
	Number = {5},
	Pages = {714-735},
	Title = {The Devil You Know but Are Afraid to Face: Underreporting Bias and Its Distorting Effects on the Study of Terrorism},
	Volume = {50},
	Year = {2006}}

@article{Fearon1995,
	Author = {James D. Fearon},
	Journal = {International Organization},
	Number = {3},
	Pages = {379-414},
	Title = {Rationalist Explanations for War},
	Volume = {49},
	Year = {1995}}

@article{Fearon2004,
	Author = {James D. Fearon},
	Journal = {Journal of Peace Research},
	Number = {3},
	Pages = {275-301},
	Title = {Why Do Some Civil Wars Last so Much Longer than Others?},
	Volume = {41},
	Year = {2004}}

@article{Feinstein1990,
	Author = {Feinstein, Jonathan S.},
	Journal = {Journal of Law and Economics},
	Number = {1},
	Pages = {233--276},
	Publisher = {JSTOR},
	Title = {Detection Controlled Estimation},
	Volume = {33},
	Year = {1990}}

@article{Fisher1993,
	Author = {Fisher, Robert J.},
	Journal = {The Journal of Consumer Research},
	Month = {sep},
	Number = {2},
	Pages = {303--315},
	Title = {Social Desirability Bias and the Validity of Indirect Questioning},
	Volume = {20},
	Year = {1993}}

@article{Francisco1995,
	Author = {Ronald A. Francisco},
	Journal = {Journal of Conflict Resolution},
	Number = {2},
	Pages = {263-282},
	Title = {The Relationship Between Coercion and Protest: An Empirical Evaluation in Three Coercive States},
	Volume = {39},
	Year = {1995}}

@article{FurnkranzPetrakTrappl1997,
	Author = {Johannes Furnkranz and Johann Petrak and Robert Trappl},
	Journal = {Applied Artificial Intelligence: An International Journal},
	Number = {2},
	Pages = {91-118},
	Title = {Knowledge Discovery in International Conflict Databases},
	Volume = {11},
	Year = {1997}}

@article{GaletovicSanhueza2000,
	Author = {Alexander Galetovic and Ricardo Sanhueza},
	Journal = {Economics and Politics},
	Number = {2},
	Pages = {183-204},
	Title = {Citizens, Autocrats, and Plotters: A Model and New Evidence on Coups D'\'{E}tat},
	Volume = {12},
	Year = {2000}}

@article{GelpiGriesdorf2001,
	Author = {Gelpi, Christopher F. and Griesdorf, Michael},
	Issn = {1537-5943},
	Journal = {American Political Science Association},
	Number = {3},
	Organization = {Cambridge Univ Press},
	Pages = {633--647},
	Title = {Winners or losers? Democracies in international crisis, 1918--94},
	Volume = {95},
	Year = {2001}}

@misc{GibneyCornettWood2007,
	Author = {Mark Gibney and Linda Cornett and Reed Wood},
	Howpublished = {\url{http://www.politicalterrorscale.org}},
	Title = {The Political Terror Scale 1976 to 2006},
	Year = {2007}}

@article{GneitingBalabdaouiRaftery2007,
	Author = {Tilmann Gneiting and Fadoua Balabdaoui and Adrian E. Raftery},
	Journal = {Journal of the Royal Statistical Society: Series B Statistical Methodology},
	Number = {2},
	Pages = {243-268},
	Title = {Probabilistic Forecasts, Calibration and Sharpness},
	Volume = {69},
	Year = {2007}}

@book{GoldsteinFreeman1990,
	Address = {Chicago, IL},
	Author = {Joshua S. Goldstein and John R. Freeman},
	Publisher = {University of Chicago Press},
	Title = {Three-Way Street: Strategic Reciprocity in World Politics},
	Year = {1990}}

@book{Greene2003,
	Address = {Englewood Cliffs, NJ},
	Author = {William H. Greene},
	Edition = {Fifth},
	Publisher = {Prentice-Hall},
	Title = {Econometric Analysis},
	Year = {2003}}

@misc{GurmuDagne2009,
	Author = {Gurmu, Shiferaw and Dagne, Getachew A.},
	Note = {Unpublished working paper},
	Title = {Bayesian Approach to Zero-Inflated Ordered Probit Models, with an Application},
	Year = {2009}}

@book{Gurr1970,
	Address = {Princeton, NJ},
	Author = {Ted R. Gurr},
	Publisher = {Princeton University Press},
	Title = {Why Men Rebel},
	Year = {1970}}

@article{Gurr1993,
	Author = {Ted Robert Gurr},
	Journal = {International Political Science Review},
	Number = {2},
	Pages = {161-201},
	Title = {Why Minorities Rebel: A Global Analysis of Communal Mobilization and Conflict since 1945},
	Volume = {14},
	Year = {1993}}

@misc{GurrJaggersMoore1989,
	Author = {Gurr, Ted Robert and Jaggers, Keith and Moore, Will H.},
	Note = {Center for Comparative Politics, Department of Political Science, University of Colorado, Boulder.},
	Title = {Polity II Codebook},
	Year = {1989}}

@article{GurrLichbach1986,
	Author = {Ted Robert Gurr and Mark Irving Lichbach},
	Journal = {Comparative Empirical Studies},
	Number = {3},
	Pages = {3-38},
	Title = {Forecasting Internal Conflict : A Competitive Evaluation of Empirical Theories},
	Volume = {19},
	Year = {1986}}

@article{HarrisZhao2007,
	Author = {Mark N. Harris and Xueyan Zhao},
	Journal = {Journal of Econometrics},
	Number = {2},
	Pages = {1073-1099},
	Title = {A Zero-Inflated Ordered Probit Model, with an Application to Modelling Tobacco Consumption},
	Volume = {141},
	Year = {2007}}

@article{HegreOstbyRaleigh2009,
	Author = {Haavard Hegre and Gudrun Ostby and Clionadh Raleigh},
	Journal = {Journal of Conflict Resolution},
	Number = {4},
	Pages = {598-623},
	Title = {Property and Civil War: A Disaggregated Study of Liberia},
	Volume = {53},
	Year = {2009}}

@book{Hibbs1970,
	Address = {New York, NY},
	Author = {Douglas A. Hibbs},
	Publisher = {John Wiley and Sons},
	Title = {Mass Political Violence: A Cross-National Causal Analysis},
	Year = {1973}}

@misc{HillBagozziMooreMukherjee2011,
	Author = {Daniel W. Hill and Benjamin E. Bagozzi and Will H. Moore and Bumba Mukherjee},
	Howpublished = {\url{http://qssi.psu.edu/files/NF4Hill.pdf}},
	Note = {Paper presented at the New Faces in Political Methodology meeting, Penn State, 30 April 2011.},
	Title = {Strategic Incentives and Modeling Bias in Ordinal Data:The Zero-inflated Ordered Probit (ZiOP) Model in Political Science},
	Year = {2011}}

@unpublished{HillMooreMukherjee2010,
	Author = {Hill, Daniel W. and Moore, Will H. and Mukherjee, Bumba},
	Note = {Paper presented at the annual meeting of the International Political Economy Society, Boston},
	Title = {Is Amnesty International Strategic, and does it Matter? Evidence from a Split Population Model},
	Url = {http://garnet.acns.fsu.edu/~whmoore/research/HilMooMukIPES10.pdf},
	Year = {2010},
	Bdsk-Url-1 = {http://garnet.acns.fsu.edu/~whmoore/research/HilMooMukIPES10.pdf}}

@article{HolmesPineresCurtina2007,
	Author = {Jennifer S. Holmes and Sheila Amin Gutierrez De Pineres and Kevin M. Curtina},
	Journal = {Studies in Conflict \& Terrorism},
	Number = {3},
	Pages = {249-265},
	Title = {A Subnational Study of Insurgency: FARC Violence in the 1990s},
	Volume = {30},
	Year = {2007}}

@article{Hultman2007,
	Author = {Lisa Hultman},
	Journal = {Terrorism and Political Violence},
	Number = {2},
	Pages = {205-222},
	Title = {Battle Losses and Rebel Violence: Raising the Costs for Fighting Terrorism and Political Violence},
	Volume = {19},
	Year = {2007}}

@book{Huth1998,
	Address = {Ann Arbor},
	Author = {Huth, Paul K.},
	Isbn = {0472085204},
	Publisher = {University of Michigan Press},
	Title = {Standing your ground: Territorial disputes and international conflict},
	Year = {1998}}

@book{Keohane1984,
	Address = {Princeton},
	Author = {Keohane, Robert O.},
	Publisher = {Princeton University Press},
	Title = {After hegemony: cooperation and discord in the world political economy},
	Year = {1984}}

@book{King1989upm,
	Address = {Princeton},
	Author = {Gary King},
	Publisher = {Princeton University Press},
	Title = {Unifying Political Methodology},
	Year = {1989}}

@article{King1989isq,
	Author = {Gary King},
	Journal = {International Studies Quarterly},
	Number = {2},
	Pages = {123-147},
	Title = {Event Count Models for International Relations: Generalizations and Applications},
	Volume = {33},
	Year = {1989}}

@article{KyddWalter2002,
	Author = {Andrew H. Kydd and Barbara F. Walter},
	Journal = {International Organization},
	Number = {2},
	Pages = {263-296},
	Title = {Sabotaging the Peace: The Politics of Extremist Violence},
	Volume = {56},
	Year = {2002}}

@book{Lehinan2002,
	Address = {Cork, Ireland},
	Author = {P\'{a}draig Lehinan},
	Publisher = {Irish Committee of Historical Sciences},
	Title = {Confederate Catholics at War, 1641-49},
	Year = {2002}}

@article{LemkeReed2001,
	Author = {Douglas Lemke and William Reed},
	Journal = {Journal of Conflict Resolution},
	Number = {1},
	Pages = {125-144},
	Title = {The Relevance of Politically Relevant Dyads},
	Volume = {45},
	Year = {2001}}

@article{LeventogluTarar2008,
	Author = {Levento{\u{g}}lu, Bahar and Tarar, Ahmer},
	Issn = {1468-2478},
	Journal = {International Studies Quarterly},
	Number = {3},
	Pages = {533--553},
	Publisher = {Wiley Online Library},
	Title = {Does Private Information Lead to Delay or War in Crisis Bargaining?},
	Volume = {52},
	Year = {2008}}

@article{Li2005,
	Author = {Quan Li},
	Journal = {Journal of Conflict Resolution},
	Number = {2},
	Pages = {278-297},
	Title = {Does Democracy Promote or Reduce Transnational Terrorist Incidents?},
	Volume = {49},
	Year = {2005}}

@article{LichbachGurr1981,
	Author = {Mark Irving Lichbach and Ted Robert Gurr},
	Journal = {Journal of Conflict Resolution},
	Number = {3},
	Pages = {3-29},
	Title = {The Conflict Process : A Formal Model},
	Volume = {25},
	Year = {1981}}

@article{MacCallumZhangPreacherRucker2002,
	Author = {Robert C. MacCallum and Shaobo Zhang and Kristopher J. Preacher and Derek D. Rucker},
	Journal = {Psychological Methods},
	Number = {1},
	Pages = {624-638},
	Title = {On the Practice of Dichotomization of Quantitative Variables},
	Volume = {7},
	Year = {2002}}

@misc{Maddison2008,
	Author = {Angus Maddison},
	Howpublished = {\url{http://www.ggdc.net/MADDISON/oriindex.htm}},
	Title = {Statistics on World Population, GDP, and Per Capita GDP, 1-2008 AD},
	Year = {2008}}

@book{Maddala1983,
	Address = {Cambridge, UK},
	Author = {G.S. Maddala},
	Publisher = {Cambridge University Press},
	Title = {Limited Dependent and Qualitative Variables in Econometrics.},
	Year = {1983}}

@article{Maniruzzaman1992,
	Author = {Talukder Maniruzzaman},
	Journal = {Journal of Conflict Resolution},
	Number = {4},
	Pages = {733-755},
	Title = {Arms Transfers, Military Coups, and Military Rule in Developing States},
	Volume = {36},
	Year = {1992}}

@article{MaozRussett1993,
	Author = {Zeev Maoz and Bruce M. Russett},
	Journal = {American Political Science Review},
	Number = {3},
	Pages = {624-638},
	Title = {Normative and Structural Causes of Democratic Peace, 1946-1986},
	Volume = {87},
	Year = {1993}}

@article{MooreShellman2004,
	Author = {Moore, Will H. and Shellman, Stephen M.},
	Journal = {Journal of Conflict Resolution},
	Number = {5},
	Pages = {723--745},
	Publisher = {Peace Science Soc},
	Title = {Fear of Persecution: Forced Migration, 1952-1995},
	Volume = {48},
	Year = {2004}}

@article{Morgan1984,
	Author = {Morgan, T. Clifton},
	Issn = {0020-8833},
	Journal = {International Studies Quarterly},
	Number = {4},
	Pages = {407--426},
	Publisher = {JSTOR},
	Title = {A spatial model of crisis bargaining},
	Volume = {28},
	Year = {1984}}

@article{Morrow1989,
	Author = {Morrow, James D.},
	Issn = {0092-5853},
	Journal = {American Journal of Political Science},
	Number = {4},
	Pages = {941--972},
	Publisher = {JSTOR},
	Title = {Capabilities, uncertainty, and resolve: A limited information model of crisis bargaining},
	Volume = {33},
	Year = {1989}}

@article{Obrien2002,
	Author = {Sean P. O'Brien},
	Journal = {Journal of Conflcit Resolution},
	Number = {6},
	Pages = {791-811},
	Title = {Anticipating the Good, the Bad, and the Ugly: An Early Warning Approach to Conflict and Instability Analysis},
	Volume = {46},
	Year = {2002}}

@article{Obrien2010,
	Author = {Sean P. O'Brien},
	Journal = {International Studies Review},
	Number = {1},
	Pages = {87-104},
	Title = {Crisis Early Warning and Decision Support: Contemporary Approaches and Thoughts on Future Research},
	Volume = {12},
	Year = {2010}}

@article{Pevehouse2004,
	Author = {Jon Pevehouse},
	Journal = {Journal of Politics},
	Number = {1},
	Pages = {247-266},
	Title = {Interdependence Theory and the Measurement of International Conflict},
	Volume = {66},
	Year = {2004}}

@article{PevehouseGoldstein1999,
	Author = {Jon C. Pevehouse and Joshua S. Goldstein},
	Journal = {Journal of Conflict Resolution},
	Number = {4},
	Pages = {538-546},
	Title = {Serbian Compliance or Defiance in Kosovo? Statistical Analysis and Real-Time Predictions},
	Volume = {43},
	Year = {1999}}

@article{Poirier1980,
	Author = {Poirier, Dale J.},
	Journal = {Journal of Econometrics},
	Number = {2},
	Pages = {209--217},
	Title = {Partial Observability in Bivariate Probit Models},
	Volume = {12},
	Year = {1980}}

@article{PrzeworskiVreeland2000,
	Author = {Przeworski, Adam and James Raymond Vreeland},
	Journal = {Journal of Development Economics},
	Number = {2},
	Pages = {385--422},
	Title = {The effect of IMF programs on economic growth},
	Volume = {62},
	Year = {2000}}

@article{PrzeworskiVreeland:2002,
	Author = {Przeworski, Adam and James Raymond Vreeland},
	Journal = {Political Analysis},
	Number = {2},
	Pages = {101-112},
	Title = {A Statistical Model of Bilateral Cooperation},
	Volume = {10},
	Year = {2002}}

@book{PerssonTabellini2003,
	Address = {Cambridge, MA},
	Author = {Torsten Persson and Guido Tabellini},
	Publisher = {MIT Press},
	Title = {The Economic Effects of Constitutions},
	Year = {2003}}

@article{Quackenbush2006,
	Author = {Stephen Quackenbush},
	Journal = {Conflict Management and Peace Science},
	Number = {1},
	Pages = {37-51},
	Title = {Identifying Opportunity for Conflict: Politically Active Dyads},
	Volume = {23},
	Year = {2006}}

@article{Reiter2003,
	Author = {Dan Reiter},
	Journal = {Perspectives on Politics},
	Pages = {27-43},
	Title = {Exploring the Bargaining Model of War},
	Volume = {1},
	Year = {2003}}

@article{Reed2000,
	Author = {William Reed},
	Journal = {American Journal of Political Science},
	Number = {1},
	Pages = {84-93},
	Title = {A Unified Statistical Model of Conflict Onset and Escalation},
	Volume = {44},
	Year = {2000}}

@article{Richardsetal1993,
	Author = {Richards, Diane and Morgan, T. Clifton and Wilson, Rick K. and Schwebach, Valeria L. and Young, Garry D.},
	Journal = {Journal of Conflict Resolution},
	Number = {3},
	Pages = {504--535},
	Publisher = {Peace Science Soc},
	Title = {Good Times, Bad Times, and the Diversionary Use of Force: A Tale of Some Not-So-Free Agents},
	Volume = {37},
	Year = {1993}}

@article{RoystonAltmanSauerbrei2006,
	Author = {Patrick Royston and Douglas G. Altman and Willi Sauerbrei},
	Journal = {Statistics in Medicine},
	Number = {1},
	Pages = {127{\~n}141},
	Title = {Dichotomizing Continuous Predictors in Multiple Regression: A Bad Idea},
	Volume = {25},
	Year = {2006}}

@article{RuhilTeske2003,
	Author = {Ruhil, Anirudh V.S. and Teske, Paul},
	Issn = {1541-0072},
	Journal = {Policy Studies Journal},
	Number = {3},
	Pages = {353--372},
	Publisher = {John Wiley \& Sons},
	Title = {Institutions, bureaucratic decisions, and policy outcomes: state insurance solvency regulation},
	Volume = {31},
	Year = {2003}}

@book{Russett1993,
	Address = {Princeton},
	Author = {Russett, Bruce M.},
	Isbn = {0691001642},
	Publisher = {Princeton University Press},
	Title = {Grasping the democratic peace: Principles for a post-Cold War world},
	Year = {1993}}

@article{RustadBuhaugFalchGate2011,
	Author = {Siri Camilla Aas Rustad and Halvard Buhaug and ≈shild Falch and Scott Gates},
	Journal = {Journal of Politics},
	Number = {1},
	Pages = {15-40},
	Title = {All Conflict is Local: Modeling Sub-National Variation in Civil Conflict Risk},
	Volume = {28},
	Year = {2011}}

@article{Sarkees2000,
	Author = {Meredith Reid Sarkees},
	Journal = {Conflict Management and Peace Science},
	Number = {1},
	Pages = {123-144},
	Title = {The Correlates of War Data on War: An Update to 1997},
	Volume = {18},
	Year = {2000}}

@book{Schelling1960,
	Address = {Cambridge},
	Author = {Schelling, Thomas C.},
	Publisher = {Harvard University Press},
	Title = {The Strategy of Conflict},
	Year = {1960}}

@article{SchmidtWitte1989,
	Author = {Schmidt, P. and Witte, A.D.},
	Journal = {Journal of Econometrics},
	Pages = {141--59},
	Title = {Predicting Criminal Recidivism Using ``Split Population'' Survival Models},
	Volume = {40},
	Year = {1989}}

@article{SchneiderGleditschCarey2011,
	Author = {Gerald Schneider and Nils Petter Gleditsch and Sabine Carey},
	Journal = {Conflict Management and Peace Science},
	Number = {1},
	Pages = {5-14},
	Title = {Forecasting in International Relations: One Quest, Three Approaches},
	Volume = {28},
	Year = {2011}}

@article{ScholzWang2006,
	Author = {Scholz, John T. and Wang, Cheng--Lung},
	Journal = {American Journal of Political Science},
	Number = {1},
	Pages = {81--97},
	Publisher = {Blackwell Synergy},
	Title = {Cooptation or Transformation? Local Policy Networks and Federal Regulatory Enforcement},
	Volume = {50},
	Year = {2006}}

@article{SchrodtGerner2004,
	Author = {Philip A. Schrodt and Deborah J. Gerner},
	Journal = {Journal of Conflict Resolution},
	Number = {3},
	Pages = {310-330},
	Title = {An Event Data Analysis of Third-Party Mediation in the Middle East and Balkans},
	Volume = {48},
	Year = {2004}}

@inbook{SchrodtGernerYilmaz2009,
	Address = {New York},
	Author = {Philip A. Schrodt and Deborah J. Gerner and Omur Yilmaz},
	Chapter = {Conflict and Mediation Event Observations (CAMEO): An Event Data Framework for a Post Cold War World},
	Editor = {Jacob Bercovitch and Scott Gartner},
	Publisher = {Routledge},
	Title = {International Conflict Mediation: New Approaches and Findings},
	Year = {2009}}

@misc{Schrodt2009,
	Author = {Philip A. Schrodt},
	Howpublished = {\url{http://eventdata.psu.edu/tabari.dir/tabari.manual.0.7.3b3.pdf}},
	Title = {TABARI: Textual Analysis by Augmented Replacement Instructions, Version 7.0},
	Year = {2009}}

@misc{SchrodtYilmaz2007,
	Author = {Philip A. Schrodt and Omur Yilmaz},
	Howpublished = {\url{http://eventdata.psu.edu/cameo.dir/CAMEO.CDB.09b5.pdf}},
	Title = {CAMEO Conflict and Mediation Event Observation Codebook},
	Year = {2007}}

@article{Senese1997,
	Author = {Paul D. Senese},
	Journal = {Journal of Politics},
	Number = {1},
	Pages = {1-27},
	Title = {Between Dispute and War: The Effect of Joint Democracy on Interstate Conflict Escalation},
	Volume = {59},
	Year = {1997}}

@article{Senese1999,
	Author = {Paul D. Senese},
	Journal = {International Studies Quarterly},
	Number = {3},
	Pages = {483-502},
	Title = {Democracy and Maturity: Deciphering Conditional Effects on Levels of Dispute Intensity},
	Volume = {43},
	Year = {1999}}

@article{ShellmanHatfieldMills2010,
	Author = {Stephen M. Shellman and Calre Hatfield and Maggie J. Mills},
	Journal = {Journal of Peace Research},
	Number = {1},
	Pages = {83-90},
	Title = {Disaggregating Actors in Intranational Conflict},
	Volume = {47},
	Year = {2010}}

@article{SmallSinger1969,
	Author = {Melvin Small and J. David Singer},
	Journal = {Journal of Peace Research},
	Number = {3},
	Pages = {257-282},
	Title = {Formal Alliances, 1816-1965: An Extension of the Basic Data},
	Volume = {6},
	Year = {1969}}

@article{Sposto2002,
	Author = {Sposto, Richard},
	Journal = {Statistics in Medicine},
	Number = {2},
	Pages = {293--312},
	Title = {Cure model analysis in cancer: an application to data from the Children's Cancer Group.},
	Volume = {21},
	Year = {2002}}

@article{StJohn2006,
	Author = {Anthony {Wanis-St. John}},
	Journal = {Negotiation Journal},
	Number = {2},
	Pages = {119-144},
	Title = {Back-Channel Negotiation: International Bargaining in the Shadows},
	Volume = {22},
	Year = {2006}}

@article{Svolik2008,
	Author = {Milan W. Svolik},
	Journal = {American Political Science Review},
	Number = {2},
	Pages = {153-168},
	Title = {Authoritarian Reversals and Democratic Consolidation},
	Volume = {102},
	Year = {2008}}

@article{TraugottKatosh1979,
	Author = {Traugott, Michael W. and Katosh, John P.},
	Journal = {Public Opinion Quarterly},
	Number = {3},
	Pages = {359--377},
	Title = {Response Validity in Surveys of Voting Behavior},
	Volume = {43},
	Year = {1979}}

@inbook{Tu2006,
	Address = {New York},
	Author = {Wanzhu Tu},
	Chapter = {Zero-Inflated Data},
	Publisher = {John Wiley \& Sons, Ltd},
	Title = {Encyclopedia of Environmetrics},
	Year = {2006}}

@article{Vuong1989,
	Author = {Quang H. Vuong},
	Journal = {Econometrica},
	Number = {2},
	Pages = {307-333},
	Title = {Likelihood Ratio Tests for Model Selection and Non-Nested Hypotheses},
	Volume = {57},
	Year = {1989}}

@article{Wandycz1965,
	Author = {P.S. Wandycz},
	Journal = {Slavic Review},
	Number = {3},
	Pages = {425-449},
	Title = {Secret Soviet-Polish Peace Talks in 1919},
	Volume = {24},
	Year = {1965}}

@article{Wang1998,
	Author = {T.Y. Wang},
	Journal = {Journal of Peace Research},
	Number = {6},
	Pages = {659-675},
	Title = {Arms Transfers and Coups D'\'{E}tat: A Study on Sub-Saharan Africa},
	Volume = {35},
	Year = {1998}}

@article{WardGleditsch2002,
	Author = {Michael D. Ward and Kristian Skrede Gleditsch},
	Journal = {Political Analysis},
	Number = {3},
	Pages = {244-260},
	Title = {Location, Location, Location: An MCMC Approach to Modeling the Spatial Context of War and Peace},
	Volume = {10},
	Year = {2002}}

@article{WardGreenhillBakke2010,
	Author = {Michael D. Ward and Brian D. Greenhill and Kristin M. Bakke},
	Journal = {Journal of Peace Research},
	Number = {4},
	Pages = {363-375},
	Title = {The Perils of Policy by P-Value: Predicting Civil Conflicts},
	Volume = {47},
	Year = {2010}}

@article{Weede1976,
	Author = {Erich Weede},
	Journal = {Journal of Conflict Resolution},
	Number = {3},
	Pages = {395{\~n}411},
	Title = {Overwhelming Preponderance as a Pacifying Condition among Contiguous Asian Dyads, 1950{\~n}1969},
	Volume = {20},
	Year = {1976}}

@article{WeidmannToft2010,
	Author = {Nils B. Weidmann and Monica Duffy Toft},
	Journal = {Conflict Management and Peace Science},
	Number = {2},
	Pages = {159-176},
	Title = {Promises and Pitfalls in the Spatial Prediction of Ethnic Violence: A Comment},
	Volume = {27},
	Year = {2010}}

@article{WeidmannWard2010,
	Author = {Nils B. Weidmann and Michael D. Ward},
	Journal = {Journal of Conflict Resolution},
	Number = {6},
	Pages = {883-901},
	Title = {Predicting Conflict in Space and Time},
	Volume = {54},
	Year = {2010}}

@article{WickboldtBercovitchPiramuthu1999,
	Author = {Anne-Katrin Wickboldt and Jacob Bercovitch and Selwyn Piramuthu},
	Journal = {Conflict Management and Peace Science},
	Number = {1},
	Pages = {49-68},
	Title = {Dynamics of International Mediation: Analysis Using Machine Learning Methods},
	Volume = {17},
	Year = {1999}}

@article{Wiegand2011,
	Author = {Wiegand, Krista E.},
	Issn = {0022-3433},
	Journal = {Journal of Peace Research},
	Number = {1},
	Pages = {101-113},
	Publisher = {SAGE Publications},
	Title = {Militarized territorial disputes},
	Volume = {48},
	Year = {2011}}

@book{Wilkinson2001,
	Address = {London},
	Author = {Wilkinson, Paul},
	Edition = {Second},
	Publisher = {Routledge},
	Title = {Terrorism Versus Democracy: The Liberal State Response},
	Year = {2001}}

@article{Willmottetal1985,
	Author = {Willmott, C.J. and Ackleson, S.G. and Davis, R.E. and Feddema, J.J. and Klink, K.M. and Legates, D.R. and O'Donnell, J. and Rowe, C.M.},
	Journal = {Journal of Geophysical Research},
	Number = {C5},
	Pages = {8995--9005},
	Publisher = {American Geophysical Union},
	Title = {Statistics for the Evaluation and Comparison of Models},
	Volume = {90},
	Year = {1985}}

@book{Wood2003,
	Address = {Cambridge, UK},
	Author = {Elisabeth Jean Wood},
	Publisher = {Cambridge University Press},
	Title = {Insurgent Collective action and Civil War in El Salvador},
	Year = {2003}}

@article{Xiang2010,
	Author = {Jun Xiang},
	Journal = {Journal of Politics},
	Number = {2},
	Pages = {484-498},
	Title = {Relevance as a Latent Variable in Dyadic Analysis of Conflict},
	Volume = {72},
	Year = {2010}}

@article{YoungDugan2011,
	Author = {Young, Jospeh .K. and Dugan, Laura},
	Issn = {0022-3433},
	Journal = {Journal of Peace Research},
	Number = {1},
	Pages = {19--33},
	Publisher = {SAGE Publications},
	Title = {Veto Players and Terror},
	Volume = {48},
	Year = {2011}}

@article{Zorn1998,
	Author = {Zorn, Christopher J.W.},
	Journal = {Sociological Methods \& Research},
	Number = {3},
	Pages = {368--400},
	Title = {An Analytic and Empirical Examination of Zero-Inflated and Hurdle Poisson Specifications},
	Volume = {26},
	Year = {1998}}
